{"key_stats": null, "financials": {"quarterly": null, "annual": [{"date": "2025-09-30", "total_revenue": 416161000000, "gross_income": 195201000000, "operating_income": 133050000000, "pretax_income": 132729000000, "income_taxes": 20719000000, "net_income": 112010000000, "ebit": 133050000000, "ebitda": 144748000000, "diluted_shares_outstanding": 15004697000, "interest_expense_non_operating": null, "interest_income": null, "interest_expense": null, "net_interest_income": null, "non_interest_income": null, "operating_expense": 62151000000, "non_operating_income_or_loss": null, "minorities": null, "provision": null, "cost_of_revenue": 220960000000, "cash_and_short_term_investments": 54697000000, "total_assets": 359241000000, "total_non_current_assets": 211284000000, "total_liabilities": 285508000000, "total_current_liabilities": 165631000000, "total_debt": 98657000000, "stockholders_equity": 73733000000, "total_equity": 73733000000, "inventories": 5718000000, "retained_earnings": -14264000000, "prepaid_assets": null, "allowance_for_loans": null, "total_current_asset": 147957000000, "total_non_current_liabilities": 119877000000, "free_cash_flow": 98767000000, "net_operating_cash_flow": 111482000000, "net_cash_flow": 5991000000, "capital_expenditure": -12715000000, "source": 1, "updated_on": "2025-12-06 02:41:33", "stock_id": 314}, {"date": "2025-08-31", "total_revenue": 69672977000, "gross_income": 22235401000, "operating_income": 10225664000, "pretax_income": 10270393000, "income_taxes": 2437993000, "net_income": 7678433000, "ebit": 10498948000, "ebitda": 11867333000, "diluted_shares_outstanding": null, "interest_expense_non_operating": 228555000, "interest_income": 336324000, "interest_expense": 228555000, "net_interest_income": 107769000, "non_interest_income": 336324000, "operating_expense": 12009737000, "non_operating_income_or_loss": 107769000, "minorities": -153967000, "provision": null, "cost_of_revenue": 47437576000, "cash_and_short_term_investments": 11484674000, "total_assets": 65394897000, "total_non_current_assets": 36494208000, "total_liabilities": 33153930000, "total_current_liabilities": 20352097000, "total_debt": 8182866000, "stockholders_equity": 31195446000, "total_equity": 32240967000, "inventories": null, "retained_earnings": 21018731000, "prepaid_assets": null, "allowance_for_loans": null, "total_current_asset": 28900689000, "total_non_current_liabilities": 12801833000, "free_cash_flow": 10874360000, "net_operating_cash_flow": 11474399000, "net_cash_flow": 6506415000, "capital_expenditure": -600039000, "source": 1, "updated_on": "2025-12-06 02:41:33", "stock_id": 144}, {"date": "2025-10-31", "total_revenue": 11019707000, "gross_income": 6773478000, "operating_income": 3002476000, "pretax_income": 2712112000, "income_taxes": 444770000, "net_income": 2267342000, "ebit": 3029828000, "ebitda": 5028673000, "diluted_shares_outstanding": 496709000, "interest_expense_non_operating": 317716000, "interest_income": 105266000, "interest_expense": 317716000, "net_interest_income": -212450000, "non_interest_income": 105266000, "operating_expense": 3771002000, "non_operating_income_or_loss": -212450000, "minorities": null, "provision": null, "cost_of_revenue": 4246229000, "cash_and_short_term_investments": 3652321000, "total_assets": 47992712000, "total_non_current_assets": 40884651000, "total_liabilities": 14176957000, "total_current_liabilities": 3245801000, "total_debt": 8664610000, "stockholders_equity": 33815755000, "total_equity": 33815755000, "inventories": 1656323000, "retained_earnings": 10539541000, "prepaid_assets": null, "allowance_for_loans": -5441000, "total_current_asset": 7108061000, "total_non_current_liabilities": 10931156000, "free_cash_flow": 4278650000, "net_operating_cash_flow": 4812202000, "net_cash_flow": 508064000, "capital_expenditure": -533552000, "source": 1, "updated_on": "2025-12-06 02:41:33", "stock_id": 122}, {"date": "2025-06-30", "total_revenue": 20560900000, "gross_income": 9463600000, "operating_income": 5411900000, "pretax_income": 5310100000, "income_taxes": 1230400000, "net_income": 4079700000, "ebit": 5766000000, "ebitda": 6348400000, "diluted_shares_outstanding": 408700000, "interest_expense_non_operating": 455900000, "interest_income": 319500000, "interest_expense": 455900000, "net_interest_income": -136400000, "non_interest_income": 319500000, "operating_expense": 4051700000, "non_operating_income_or_loss": -136400000, "minorities": null, "provision": null, "cost_of_revenue": 11097300000, "cash_and_short_term_investments": 7846600000, "total_assets": 53369300000, "total_non_current_assets": 10117100000, "total_liabilities": 47181300000, "total_current_liabilities": 41278300000, "total_debt": 9065400000, "stockholders_equity": 6188000000, "total_equity": 6188000000, "inventories": null, "retained_earnings": 25240600000, "prepaid_assets": null, "allowance_for_loans": -47100000, "total_current_asset": 43252200000, "total_non_current_liabilities": 5903000000, "free_cash_flow": 4392700000, "net_operating_cash_flow": 4939700000, "net_cash_flow": -5068700000, "capital_expenditure": -547000000, "source": 1, "updated_on": "2025-12-06 02:41:33", "stock_id": 319}, {"date": "2025-10-31", "total_revenue": null, "gross_income": null, "operating_income": null, "pretax_income": null, "income_taxes": null, "net_income": null, "ebit": null, "ebitda": null, "diluted_shares_outstanding": 808000000, "interest_expense_non_operating": null, "interest_income": null, "interest_expense": null, "net_interest_income": null, "non_interest_income": null, "operating_expense": null, "non_operating_income_or_loss": null, "minorities": null, "provision": null, "cost_of_revenue": null, "cash_and_short_term_investments": null, "total_assets": null, "total_non_current_assets": null, "total_liabilities": null, "total_current_liabilities": null, "total_debt": null, "stockholders_equity": null, "total_equity": null, "inventories": null, "retained_earnings": null, "prepaid_assets": null, "allowance_for_loans": null, "total_current_asset": null, "total_non_current_liabilities": null, "free_cash_flow": null, "net_operating_cash_flow": null, "net_cash_flow": null, "capital_expenditure": null, "source": 1, "updated_on": "2025-12-06 02:41:33", "stock_id": 75}, {"date": "2025-06-30", "total_revenue": 15009000000, "gross_income": 2834000000, "operating_income": 1316000000, "pretax_income": 650000000, "income_taxes": 135000000, "net_income": 511000000, "ebit": 1046000000, "ebitda": 1768000000, "diluted_shares_outstanding": 1593000000, "interest_expense_non_operating": 396000000, "interest_income": 49000000, "interest_expense": 396000000, "net_interest_income": -347000000, "non_interest_income": 49000000, "operating_expense": 1518000000, "non_operating_income_or_loss": -347000000, "minorities": -7000000, "provision": null, "cost_of_revenue": 12175000000, "cash_and_short_term_investments": 827000000, "total_assets": 37066000000, "total_non_current_assets": 28632000000, "total_liabilities": 25326000000, "total_current_liabilities": 6987000000, "total_debt": 15008000000, "stockholders_equity": 11728000000, "total_equity": 11740000000, "inventories": 3471000000, "retained_earnings": 548000000, "prepaid_assets": null, "allowance_for_loans": -34000000, "total_current_asset": 8434000000, "total_non_current_liabilities": 18339000000, "free_cash_flow": 810000000, "net_operating_cash_flow": 1390000000, "net_cash_flow": 198000000, "capital_expenditure": -580000000, "source": 1, "updated_on": "2025-12-06 02:41:33", "stock_id": 511}, {"date": "2025-09-30", "total_revenue": 12037300000, "gross_income": 3781300000, "operating_income": 2889000000, "pretax_income": -440700000, "income_taxes": -94300000, "net_income": -394500000, "ebit": -226700000, "ebitda": 1337500000, "diluted_shares_outstanding": 222700000, "interest_expense_non_operating": 214000000, "interest_income": null, "interest_expense": 214000000, "net_interest_income": -214000000, "non_interest_income": 12251300000, "operating_expense": 892300000, "non_operating_income_or_loss": -214000000, "minorities": -40100000, "provision": null, "cost_of_revenue": 8256000000, "cash_and_short_term_investments": 1856000000, "total_assets": 41059500000, "total_non_current_assets": 35233700000, "total_liabilities": 23709700000, "total_current_liabilities": 4218600000, "total_debt": 18406200000, "stockholders_equity": 15024900000, "total_equity": 17349800000, "inventories": 776500000, "retained_earnings": 17558600000, "prepaid_assets": 174900000, "allowance_for_loans": -30200000, "total_current_asset": 5825800000, "total_non_current_liabilities": 19491100000, "free_cash_flow": -3765800000, "net_operating_cash_flow": 3256800000, "net_cash_flow": -1116700000, "capital_expenditure": -7022600000, "source": 1, "updated_on": "2025-12-06 02:41:33", "stock_id": 296}, {"date": "2025-09-30", "total_revenue": 4702755000, "gross_income": 2733759000, "operating_income": 1559971000, "pretax_income": 1478034000, "income_taxes": 279280000, "net_income": 1198754000, "ebit": 1649712000, "ebitda": 2384457000, "diluted_shares_outstanding": 160573000, "interest_expense_non_operating": 171678000, "interest_income": 29944000, "interest_expense": 171678000, "net_interest_income": -141734000, "non_interest_income": 29944000, "operating_expense": 1173788000, "non_operating_income_or_loss": -141734000, "minorities": null, "provision": null, "cost_of_revenue": 1968996000, "cash_and_short_term_investments": 202687000, "total_assets": 28249522000, "total_non_current_assets": 27196827000, "total_liabilities": 14690632000, "total_current_liabilities": 1362615000, "total_debt": 9303506000, "stockholders_equity": 13558890000, "total_equity": 13558890000, "inventories": 191832000, "retained_earnings": 4861612000, "prepaid_assets": 80495000, "allowance_for_loans": null, "total_current_asset": 1052695000, "total_non_current_liabilities": 13328017000, "free_cash_flow": -1511943000, "net_operating_cash_flow": 2049456000, "net_cash_flow": -105053000, "capital_expenditure": -3561399000, "source": 1, "updated_on": "2025-12-06 02:41:33", "stock_id": 467}, {"date": "2025-08-31", "total_revenue": 18938717000, "gross_income": 9966474000, "operating_income": 3610156000, "pretax_income": 3134332000, "income_taxes": 636085000, "net_income": 2498247000, "ebit": 3621128000, "ebitda": 4234327000, "diluted_shares_outstanding": 17245000, "interest_expense_non_operating": 486796000, "interest_income": 10972000, "interest_expense": 486796000, "net_interest_income": -475824000, "non_interest_income": 10972000, "operating_expense": 6356318000, "non_operating_income_or_loss": -475824000, "minorities": null, "provision": null, "cost_of_revenue": 8972243000, "cash_and_short_term_investments": 271803000, "total_assets": 19355324000, "total_non_current_assets": 11013945000, "total_liabilities": 22769637000, "total_current_liabilities": 9519397000, "total_debt": 12288796000, "stockholders_equity": -3414313000, "total_equity": -3414313000, "inventories": 7025688000, "retained_earnings": -3975852000, "prepaid_assets": null, "allowance_for_loans": -11700000, "total_current_asset": 8341379000, "total_non_current_liabilities": 13250240000, "free_cash_flow": 1790080000, "net_operating_cash_flow": 3117337000, "net_cash_flow": -29912000, "capital_expenditure": -1327257000, "source": 1, "updated_on": "2025-12-06 02:41:33", "stock_id": 484}, {"date": "2025-09-30", "total_revenue": 21840000000, "gross_income": 9925000000, "operating_income": 2986000000, "pretax_income": 1881000000, "income_taxes": 203000000, "net_income": 1678000000, "ebit": 2494000000, "ebitda": 4956000000, "diluted_shares_outstanding": 288509000, "interest_expense_non_operating": 613000000, "interest_income": 38000000, "interest_expense": 613000000, "net_interest_income": -575000000, "non_interest_income": 38000000, "operating_expense": 6939000000, "non_operating_income_or_loss": -575000000, "minorities": null, "provision": null, "cost_of_revenue": 11915000000, "cash_and_short_term_investments": 649000000, "total_assets": 55325000000, "total_non_current_assets": 46069000000, "total_liabilities": 29935000000, "total_current_liabilities": 8313000000, "total_debt": 19181000000, "stockholders_equity": 25390000000, "total_equity": 25390000000, "inventories": 3894000000, "retained_earnings": 16622000000, "prepaid_assets": null, "allowance_for_loans": -94000000, "total_current_asset": 9255000000, "total_non_current_liabilities": 21622000000, "free_cash_flow": 2671000000, "net_operating_cash_flow": 3431000000, "net_cash_flow": -1005000000, "capital_expenditure": -760000000, "source": 1, "updated_on": "2025-12-06 02:41:33", "stock_id": 513}, {"date": "2025-09-30", "total_revenue": 8770700000, "gross_income": 7046700000, "operating_income": 1099800000, "pretax_income": 786800000, "income_taxes": 237900000, "net_income": 524900000, "ebit": 881700000, "ebitda": 1413500000, "diluted_shares_outstanding": 517400000, "interest_expense_non_operating": 94900000, "interest_income": null, "interest_expense": 94900000, "net_interest_income": -94900000, "non_interest_income": 8865600000, "operating_expense": 5946900000, "non_operating_income_or_loss": -94900000, "minorities": -24000000, "provision": null, "cost_of_revenue": 1724000000, "cash_and_short_term_investments": 3573900000, "total_assets": 32368300000, "total_non_current_assets": 27252700000, "total_liabilities": 18179500000, "total_current_liabilities": 1885900000, "total_debt": 13299900000, "stockholders_equity": 12077800000, "total_equity": 14188800000, "inventories": null, "retained_earnings": 11516000000, "prepaid_assets": null, "allowance_for_loans": null, "total_current_asset": 5115600000, "total_non_current_liabilities": 16293600000, "free_cash_flow": 911600000, "net_operating_cash_flow": 1066100000, "net_cash_flow": -824200000, "capital_expenditure": -154500000, "source": 1, "updated_on": "2025-12-06 02:41:33", "stock_id": 546}, {"date": "2025-04-30", "total_revenue": 3975000000, "gross_income": 2343000000, "operating_income": 1167000000, "pretax_income": 1081000000, "income_taxes": 212000000, "net_income": 869000000, "ebit": 1203000000, "ebitda": 1290000000, "diluted_shares_outstanding": 472950000, "interest_expense_non_operating": 122000000, "interest_income": 17000000, "interest_expense": 122000000, "net_interest_income": -105000000, "non_interest_income": 17000000, "operating_expense": 1176000000, "non_operating_income_or_loss": -105000000, "minorities": null, "provision": null, "cost_of_revenue": 1632000000, "cash_and_short_term_investments": 444000000, "total_assets": 8086000000, "total_non_current_assets": 3891000000, "total_liabilities": 4093000000, "total_current_liabilities": 1080000000, "total_debt": 2733000000, "stockholders_equity": 3993000000, "total_equity": 3993000000, "inventories": 2511000000, "retained_earnings": 4710000000, "prepaid_assets": null, "allowance_for_loans": -7000000, "total_current_asset": 4195000000, "total_non_current_liabilities": 3013000000, "free_cash_flow": 431000000, "net_operating_cash_flow": 598000000, "net_cash_flow": 4000000, "capital_expenditure": -167000000, "source": 1, "updated_on": "2025-12-06 02:41:33", "stock_id": 444}, {"date": "2025-04-30", "total_revenue": 3975000000, "gross_income": 2343000000, "operating_income": 1167000000, "pretax_income": 1081000000, "income_taxes": 212000000, "net_income": 869000000, "ebit": 1203000000, "ebitda": 1290000000, "diluted_shares_outstanding": 472950000, "interest_expense_non_operating": 122000000, "interest_income": 17000000, "interest_expense": 122000000, "net_interest_income": -105000000, "non_interest_income": 17000000, "operating_expense": 1176000000, "non_operating_income_or_loss": -105000000, "minorities": null, "provision": null, "cost_of_revenue": 1632000000, "cash_and_short_term_investments": 444000000, "total_assets": 8086000000, "total_non_current_assets": 3891000000, "total_liabilities": 4093000000, "total_current_liabilities": 1080000000, "total_debt": 2733000000, "stockholders_equity": 3993000000, "total_equity": 3993000000, "inventories": 2511000000, "retained_earnings": 4710000000, "prepaid_assets": null, "allowance_for_loans": -7000000, "total_current_asset": 4195000000, "total_non_current_liabilities": 3013000000, "free_cash_flow": 431000000, "net_operating_cash_flow": 598000000, "net_cash_flow": 4000000, "capital_expenditure": -167000000, "source": 1, "updated_on": "2025-12-06 02:41:33", "stock_id": 405}, {"date": "2025-06-30", "total_revenue": 1462570000, "gross_income": 1190467000, "operating_income": -80602000, "pretax_income": 30410000, "income_taxes": 6611000, "net_income": 23799000, "ebit": 48973000, "ebitda": 138416000, "diluted_shares_outstanding": 103912000, "interest_expense_non_operating": 18563000, "interest_income": 90903000, "interest_expense": 18563000, "net_interest_income": 72340000, "non_interest_income": 90903000, "operating_expense": 1271069000, "non_operating_income_or_loss": 72340000, "minorities": null, "provision": 72749000, "cost_of_revenue": 272103000, "cash_and_short_term_investments": 2218456000, "total_assets": 10063982000, "total_non_current_assets": 2825189000, "total_liabilities": 6149942000, "total_current_liabilities": 4588660000, "total_debt": 1772842000, "stockholders_equity": 3914040000, "total_equity": 3914040000, "inventories": null, "retained_earnings": -1510804000, "prepaid_assets": null, "allowance_for_loans": null, "total_current_asset": 7238793000, "total_non_current_liabilities": 1561282000, "free_cash_flow": 309674000, "net_operating_cash_flow": 350644000, "net_cash_flow": 199776000, "capital_expenditure": -40970000, "source": 1, "updated_on": "2025-12-06 02:41:33", "stock_id": 246}, {"date": "2025-06-30", "total_revenue": 6889100000, "gross_income": 2136800000, "operating_income": 1188600000, "pretax_income": 1058700000, "income_taxes": 219200000, "net_income": 839500000, "ebit": 1194500000, "ebitda": 1521800000, "diluted_shares_outstanding": 118300000, "interest_expense_non_operating": 135800000, "interest_income": 13100000, "interest_expense": 135800000, "net_interest_income": -122700000, "non_interest_income": 13100000, "operating_expense": 948200000, "non_operating_income_or_loss": -122700000, "minorities": null, "provision": null, "cost_of_revenue": 4752300000, "cash_and_short_term_investments": 561500000, "total_assets": 8545000000, "total_non_current_assets": 6728000000, "total_liabilities": 5889800000, "total_current_liabilities": 1861300000, "total_debt": 3459000000, "stockholders_equity": 2655200000, "total_equity": 2655200000, "inventories": null, "retained_earnings": 3862500000, "prepaid_assets": null, "allowance_for_loans": -12500000, "total_current_asset": 1817100000, "total_non_current_liabilities": 4028500000, "free_cash_flow": 1056400000, "net_operating_cash_flow": 1171300000, "net_cash_flow": 254300000, "capital_expenditure": -114900000, "source": 1, "updated_on": "2025-12-06 02:41:33", "stock_id": 5}, {"date": "2025-05-31", "total_revenue": 11612800000, "gross_income": 3003500000, "operating_income": 1466200000, "pretax_income": 1156200000, "income_taxes": 3700000, "net_income": 1152400000, "ebit": 1575400000, "ebitda": 1965600000, "diluted_shares_outstanding": 479700000, "interest_expense_non_operating": 419200000, "interest_income": 2500000, "interest_expense": 419200000, "net_interest_income": -416700000, "non_interest_income": 2500000, "operating_expense": 1537300000, "non_operating_income_or_loss": -416700000, "minorities": -100000, "provision": null, "cost_of_revenue": 8609300000, "cash_and_short_term_investments": 68000000, "total_assets": 20933900000, "total_non_current_assets": 17862900000, "total_liabilities": 12001200000, "total_current_liabilities": 4317000000, "total_debt": 8067600000, "stockholders_equity": 8932700000, "total_equity": 8932700000, "inventories": 2048300000, "retained_earnings": 6759100000, "prepaid_assets": null, "allowance_for_loans": -3600000, "total_current_asset": 3071000000, "total_non_current_liabilities": 7684200000, "free_cash_flow": 1302600000, "net_operating_cash_flow": 1691900000, "net_cash_flow": -8600000, "capital_expenditure": -389300000, "source": 1, "updated_on": "2025-12-06 02:41:33", "stock_id": 273}, {"date": "2025-06-30", "total_revenue": 222578000000, "gross_income": 8168000000, "operating_income": 2322000000, "pretax_income": 2101000000, "income_taxes": 532000000, "net_income": 1561000000, "ebit": 2316000000, "ebitda": 3106000000, "diluted_shares_outstanding": 242000000, "interest_expense_non_operating": 215000000, "interest_income": null, "interest_expense": 215000000, "net_interest_income": -215000000, "non_interest_income": 222793000000, "operating_expense": 5846000000, "non_operating_income_or_loss": -215000000, "minorities": -8000000, "provision": null, "cost_of_revenue": 214410000000, "cash_and_short_term_investments": 3874000000, "total_assets": 53122000000, "total_non_current_assets": 16749000000, "total_liabilities": 55756000000, "total_current_liabilities": 38897000000, "total_debt": 8527000000, "stockholders_equity": -2781000000, "total_equity": -2634000000, "inventories": 16831000000, "retained_earnings": 783000000, "prepaid_assets": null, "allowance_for_loans": -213000000, "total_current_asset": 36373000000, "total_non_current_liabilities": 16859000000, "free_cash_flow": 1850000000, "net_operating_cash_flow": 2397000000, "net_cash_flow": -1256000000, "capital_expenditure": -547000000, "source": 1, "updated_on": "2025-12-06 02:41:33", "stock_id": 302}, {"date": "2025-06-30", "total_revenue": 7104000000, "gross_income": 3213000000, "operating_income": 1177000000, "pretax_income": 1078000000, "income_taxes": 254000000, "net_income": 810000000, "ebit": 1166000000, "ebitda": 1385000000, "diluted_shares_outstanding": null, "interest_expense_non_operating": 88000000, "interest_income": 9000000, "interest_expense": 88000000, "net_interest_income": -79000000, "non_interest_income": 9000000, "operating_expense": 2036000000, "non_operating_income_or_loss": -79000000, "minorities": -14000000, "provision": null, "cost_of_revenue": 3891000000, "cash_and_short_term_investments": 167000000, "total_assets": 5561000000, "total_non_current_assets": 3953000000, "total_liabilities": 5079000000, "total_current_liabilities": 1919000000, "total_debt": 2880000000, "stockholders_equity": 321000000, "total_equity": 482000000, "inventories": 523000000, "retained_earnings": 432000000, "prepaid_assets": null, "allowance_for_loans": -6000000, "total_current_asset": 1608000000, "total_non_current_liabilities": 3160000000, "free_cash_flow": 761000000, "net_operating_cash_flow": 981000000, "net_cash_flow": -37000000, "capital_expenditure": -220000000, "source": 1, "updated_on": "2025-12-06 02:41:33", "stock_id": 326}, {"date": "2025-09-30", "total_revenue": 321332819000, "gross_income": 11478539000, "operating_income": 3933622000, "pretax_income": 2258336000, "income_taxes": 690522000, "net_income": 1554169000, "ebit": 2678089000, "ebitda": 3746505000, "diluted_shares_outstanding": 195214000, "interest_expense_non_operating": 419753000, "interest_income": 128205000, "interest_expense": 419753000, "net_interest_income": -291548000, "non_interest_income": 128205000, "operating_expense": 7544917000, "non_operating_income_or_loss": -291548000, "minorities": -13645000, "provision": null, "cost_of_revenue": 309854280000, "cash_and_short_term_investments": 4356138000, "total_assets": 76590112000, "total_non_current_assets": 24351039000, "total_liabilities": 74843027000, "total_current_liabilities": 57820539000, "total_debt": 7660773000, "stockholders_equity": 1508019000, "total_equity": 1747085000, "inventories": 20492480000, "retained_earnings": 6534227000, "prepaid_assets": null, "allowance_for_loans": -1796172000, "total_current_asset": 52239073000, "total_non_current_liabilities": 17022488000, "free_cash_flow": 3207139000, "net_operating_cash_flow": 3875120000, "net_cash_flow": 1146941000, "capital_expenditure": -667981000, "source": 1, "updated_on": "2025-12-06 02:41:33", "stock_id": 82}, {"date": "2025-08-31", "total_revenue": 275235000000, "gross_income": 35349000000, "operating_income": 10383000000, "pretax_income": 10818000000, "income_taxes": 2719000000, "net_income": 8099000000, "ebit": 10972000000, "ebitda": 13398000000, "diluted_shares_outstanding": 444803000, "interest_expense_non_operating": 154000000, "interest_income": 505000000, "interest_expense": 154000000, "net_interest_income": 351000000, "non_interest_income": 505000000, "operating_expense": 24966000000, "non_operating_income_or_loss": 351000000, "minorities": null, "provision": null, "cost_of_revenue": 239886000000, "cash_and_short_term_investments": 15284000000, "total_assets": 77099000000, "total_non_current_assets": 38719000000, "total_liabilities": 47935000000, "total_current_liabilities": 37108000000, "total_debt": 8173000000, "stockholders_equity": 29164000000, "total_equity": 29164000000, "inventories": 18116000000, "retained_earnings": 22650000000, "prepaid_assets": null, "allowance_for_loans": null, "total_current_asset": 38380000000, "total_non_current_liabilities": 10827000000, "free_cash_flow": 7837000000, "net_operating_cash_flow": 13335000000, "net_cash_flow": 4249000000, "capital_expenditure": -5498000000, "source": 1, "updated_on": "2025-12-06 02:41:33", "stock_id": 506}, {"date": "2025-07-31", "total_revenue": 10253000000, "gross_income": 3119000000, "operating_income": 1353000000, "pretax_income": 796000000, "income_taxes": 194000000, "net_income": 602000000, "ebit": 1141000000, "ebitda": 1575000000, "diluted_shares_outstanding": 300000000, "interest_expense_non_operating": 345000000, "interest_income": 17000000, "interest_expense": 345000000, "net_interest_income": -328000000, "non_interest_income": 17000000, "operating_expense": 1766000000, "non_operating_income_or_loss": -328000000, "minorities": 0, "provision": null, "cost_of_revenue": 7134000000, "cash_and_short_term_investments": 132000000, "total_assets": 14896000000, "total_non_current_assets": 12664000000, "total_liabilities": 10992000000, "total_current_liabilities": 2906000000, "total_debt": 7212000000, "stockholders_equity": 3902000000, "total_equity": 3904000000, "inventories": 1424000000, "retained_earnings": 4694000000, "prepaid_assets": null, "allowance_for_loans": -17000000, "total_current_asset": 2232000000, "total_non_current_liabilities": 8086000000, "free_cash_flow": 705000000, "net_operating_cash_flow": 1131000000, "net_cash_flow": 25000000, "capital_expenditure": -426000000, "source": 1, "updated_on": "2025-12-06 02:41:33", "stock_id": 119}, {"date": "2025-07-31", "total_revenue": 4646958000, "gross_income": 2099643000, "operating_income": 1696714000, "pretax_income": 1895581000, "income_taxes": 347218000, "net_income": 1552449000, "ebit": 1696714000, "ebitda": 1914498000, "diluted_shares_outstanding": 977563000, "interest_expense_non_operating": null, "interest_income": null, "interest_expense": null, "net_interest_income": 178909000, "non_interest_income": 4468049000, "operating_expense": 402929000, "non_operating_income_or_loss": 178909000, "minorities": 4086000, "provision": null, "cost_of_revenue": 2547315000, "cash_and_short_term_investments": 4789070000, "total_assets": 10090902000, "total_non_current_assets": 4336274000, "total_liabilities": 883411000, "total_current_liabilities": 683281000, "total_debt": 103739000, "stockholders_equity": 9187033000, "total_equity": 9207491000, "inventories": 39661000, "retained_earnings": 8093069000, "prepaid_assets": null, "allowance_for_loans": null, "total_current_asset": 5754628000, "total_non_current_liabilities": 200130000, "free_cash_flow": 1230760000, "net_operating_cash_flow": 1799750000, "net_cash_flow": 1264409000, "capital_expenditure": -568990000, "source": 1, "updated_on": "2025-12-06 02:41:33", "stock_id": 315}, {"date": "2025-07-31", "total_revenue": 56654000000, "gross_income": 36790000000, "operating_income": 12504000000, "pretax_income": 11100000000, "income_taxes": 920000000, "net_income": 10180000000, "ebit": 12693000000, "ebitda": 15504000000, "diluted_shares_outstanding": 3998000000, "interest_expense_non_operating": 1593000000, "interest_income": 1001000000, "interest_expense": 1593000000, "net_interest_income": -592000000, "non_interest_income": 1001000000, "operating_expense": 24286000000, "non_operating_income_or_loss": -592000000, "minorities": null, "provision": null, "cost_of_revenue": 19864000000, "cash_and_short_term_investments": 16110000000, "total_assets": 122291000000, "total_non_current_assets": 87305000000, "total_liabilities": 75448000000, "total_current_liabilities": 35064000000, "total_debt": 28093000000, "stockholders_equity": 46843000000, "total_equity": 46843000000, "inventories": 3164000000, "retained_earnings": 50000000, "prepaid_assets": null, "allowance_for_loans": -69000000, "total_current_asset": 34986000000, "total_non_current_liabilities": 40384000000, "free_cash_flow": 13288000000, "net_operating_cash_flow": 14193000000, "net_cash_flow": 111000000, "capital_expenditure": -905000000, "source": 1, "updated_on": "2025-12-06 02:41:33", "stock_id": 257}, {"date": "2025-05-31", "total_revenue": 10340181000, "gross_income": 5174164000, "operating_income": 2359726000, "pretax_income": 2264202000, "income_taxes": 451921000, "net_income": 1812281000, "ebit": 2365310000, "ebitda": 2859493000, "diluted_shares_outstanding": 410286000, "interest_expense_non_operating": 101108000, "interest_income": 5584000, "interest_expense": 101108000, "net_interest_income": -95524000, "non_interest_income": 5584000, "operating_expense": 2814438000, "non_operating_income_or_loss": -95524000, "minorities": null, "provision": null, "cost_of_revenue": 5166017000, "cash_and_short_term_investments": 263973000, "total_assets": 9825241000, "total_non_current_assets": 6389072000, "total_liabilities": 5140760000, "total_current_liabilities": 1644502000, "total_debt": 2654481000, "stockholders_equity": 4684481000, "total_equity": 4684481000, "inventories": 1584769000, "retained_earnings": 11798451000, "prepaid_assets": null, "allowance_for_loans": -26357000, "total_current_asset": 3436169000, "total_non_current_liabilities": 3496258000, "free_cash_flow": 1757021000, "net_operating_cash_flow": 2165905000, "net_cash_flow": -76744000, "capital_expenditure": -408884000, "source": 1, "updated_on": "2025-12-06 02:41:33", "stock_id": 428}, {"date": "2025-10-31", "total_revenue": null, "gross_income": null, "operating_income": null, "pretax_income": null, "income_taxes": null, "net_income": null, "ebit": null, "ebitda": null, "diluted_shares_outstanding": 271700000, "interest_expense_non_operating": null, "interest_income": null, "interest_expense": null, "net_interest_income": null, "non_interest_income": null, "operating_expense": null, "non_operating_income_or_loss": null, "minorities": null, "provision": null, "cost_of_revenue": null, "cash_and_short_term_investments": null, "total_assets": null, "total_non_current_assets": null, "total_liabilities": null, "total_current_liabilities": null, "total_debt": null, "stockholders_equity": null, "total_equity": null, "inventories": null, "retained_earnings": null, "prepaid_assets": null, "allowance_for_loans": null, "total_current_asset": null, "total_non_current_liabilities": null, "free_cash_flow": null, "net_operating_cash_flow": null, "net_cash_flow": null, "capital_expenditure": null, "source": 1, "updated_on": "2025-12-06 02:41:33", "stock_id": 450}, {"date": "2025-09-30", "total_revenue": 34250400000, "gross_income": 8116200000, "operating_income": 4424200000, "pretax_income": 4739900000, "income_taxes": 1119000000, "net_income": 3585200000, "ebit": 4424200000, "ebitda": 4525500000, "diluted_shares_outstanding": 309900000, "interest_expense_non_operating": null, "interest_income": null, "interest_expense": null, "net_interest_income": null, "non_interest_income": null, "operating_expense": 3692000000, "non_operating_income_or_loss": null, "minorities": -35700000, "provision": null, "cost_of_revenue": 26134200000, "cash_and_short_term_investments": 2985400000, "total_assets": 35471200000, "total_non_current_assets": 1328500000, "total_liabilities": 10729000000, "total_current_liabilities": 1962900000, "total_debt": 6031100000, "stockholders_equity": 24190400000, "total_equity": 24742200000, "inventories": 25287300000, "retained_earnings": 31041400000, "prepaid_assets": 134500000, "allowance_for_loans": null, "total_current_asset": 34142700000, "total_non_current_liabilities": 8766100000, "free_cash_flow": 3283500000, "net_operating_cash_flow": 3420900000, "net_cash_flow": -1510700000, "capital_expenditure": -137400000, "source": 1, "updated_on": "2025-12-06 02:41:33", "stock_id": 83}, {"date": "2025-09-30", "total_revenue": 94425000000, "gross_income": 35659000000, "operating_income": 13832000000, "pretax_income": 12003000000, "income_taxes": -1428000000, "net_income": 12404000000, "ebit": 13815000000, "ebitda": 19141000000, "diluted_shares_outstanding": 1811000000, "interest_expense_non_operating": 1812000000, "interest_income": 507000000, "interest_expense": 1812000000, "net_interest_income": -1305000000, "non_interest_income": 507000000, "operating_expense": 21827000000, "non_operating_income_or_loss": -1305000000, "minorities": -1027000000, "provision": null, "cost_of_revenue": 58766000000, "cash_and_short_term_investments": 5695000000, "total_assets": 197514000000, "total_non_current_assets": 173247000000, "total_liabilities": 82902000000, "total_current_liabilities": 34162000000, "total_debt": 44877000000, "stockholders_equity": 109869000000, "total_equity": 114612000000, "inventories": 2134000000, "retained_earnings": 60410000000, "prepaid_assets": 2063000000, "allowance_for_loans": null, "total_current_asset": 24267000000, "total_non_current_liabilities": 48740000000, "free_cash_flow": 10077000000, "net_operating_cash_flow": 18101000000, "net_cash_flow": -308000000, "capital_expenditure": -8024000000, "source": 1, "updated_on": "2025-12-06 02:41:33", "stock_id": 554}, {"date": "2025-05-31", "total_revenue": 12076700000, "gross_income": 2642600000, "operating_income": 1436300000, "pretax_income": 1187200000, "income_taxes": 136200000, "net_income": 1049600000, "ebit": 1365700000, "ebitda": 1881800000, "diluted_shares_outstanding": 118400000, "interest_expense_non_operating": 178500000, "interest_income": 3400000, "interest_expense": 178500000, "net_interest_income": -175100000, "non_interest_income": 3400000, "operating_expense": 1206300000, "non_operating_income_or_loss": -175100000, "minorities": null, "provision": null, "cost_of_revenue": 9434100000, "cash_and_short_term_investments": 240000000, "total_assets": 12587000000, "total_non_current_assets": 11649300000, "total_liabilities": 10275700000, "total_current_liabilities": 2247500000, "total_debt": 6229700000, "stockholders_equity": 2311300000, "total_equity": 2311300000, "inventories": 311600000, "retained_earnings": -16100000, "prepaid_assets": 135600000, "allowance_for_loans": null, "total_current_asset": 937700000, "total_non_current_liabilities": 8028200000, "free_cash_flow": 1026600000, "net_operating_cash_flow": 1698500000, "net_cash_flow": 34400000, "capital_expenditure": -671900000, "source": 1, "updated_on": "2025-12-06 02:41:33", "stock_id": 207}, {"date": "2025-06-30", "total_revenue": 14326000000, "gross_income": 10597000000, "operating_income": 1141000000, "pretax_income": -1040000000, "income_taxes": 93000000, "net_income": -1133000000, "ebit": -683000000, "ebitda": 146000000, "diluted_shares_outstanding": 360100000, "interest_expense_non_operating": 357000000, "interest_income": 114000000, "interest_expense": 357000000, "net_interest_income": -243000000, "non_interest_income": 114000000, "operating_expense": 9456000000, "non_operating_income_or_loss": -243000000, "minorities": 0, "provision": null, "cost_of_revenue": 3729000000, "cash_and_short_term_investments": 2921000000, "total_assets": 19892000000, "total_non_current_assets": 12823000000, "total_liabilities": 16027000000, "total_current_liabilities": 5435000000, "total_debt": 9467000000, "stockholders_equity": 3865000000, "total_equity": 3865000000, "inventories": 2074000000, "retained_earnings": 11672000000, "prepaid_assets": null, "allowance_for_loans": -26000000, "total_current_asset": 7069000000, "total_non_current_liabilities": 10592000000, "free_cash_flow": 670000000, "net_operating_cash_flow": 1272000000, "net_cash_flow": -495000000, "capital_expenditure": -602000000, "source": 1, "updated_on": "2025-12-06 02:41:33", "stock_id": 443}, {"date": "2025-09-30", "total_revenue": 18016000000, "gross_income": 9519000000, "operating_income": 3532000000, "pretax_income": 2934000000, "income_taxes": 696000000, "net_income": 2293000000, "ebit": 3321000000, "ebitda": 4839000000, "diluted_shares_outstanding": 566700000, "interest_expense_non_operating": 387000000, "interest_income": 150000000, "interest_expense": 387000000, "net_interest_income": -237000000, "non_interest_income": 150000000, "operating_expense": 5987000000, "non_operating_income_or_loss": -237000000, "minorities": 47000000, "provision": null, "cost_of_revenue": 8497000000, "cash_and_short_term_investments": 1544000000, "total_assets": 41964000000, "total_non_current_assets": 33381000000, "total_liabilities": 21666000000, "total_current_liabilities": 9797000000, "total_debt": 13759000000, "stockholders_equity": 20282000000, "total_equity": 20298000000, "inventories": 2213000000, "retained_earnings": 40603000000, "prepaid_assets": null, "allowance_for_loans": -123000000, "total_current_asset": 8583000000, "total_non_current_liabilities": 11869000000, "free_cash_flow": 2667000000, "net_operating_cash_flow": 3098000000, "net_cash_flow": -2005000000, "capital_expenditure": -431000000, "source": 1, "updated_on": "2025-12-06 02:41:33", "stock_id": 481}, {"date": "2025-08-31", "total_revenue": 2321748000, "gross_income": 1223966000, "operating_income": 748303000, "pretax_income": 720958000, "income_taxes": 123918000, "net_income": 597040000, "ebit": 777282000, "ebitda": 965955000, "diluted_shares_outstanding": 38385000, "interest_expense_non_operating": 56324000, "interest_income": 6533000, "interest_expense": 56324000, "net_interest_income": -49791000, "non_interest_income": 6533000, "operating_expense": 475663000, "non_operating_income_or_loss": -49791000, "minorities": null, "provision": null, "cost_of_revenue": 1097782000, "cash_and_short_term_investments": 355096000, "total_assets": 4304272000, "total_non_current_assets": 3574513000, "total_liabilities": 2117859000, "total_current_liabilities": 521306000, "total_debt": 1558509000, "stockholders_equity": 2186413000, "total_equity": 2186413000, "inventories": null, "retained_earnings": 2323407000, "prepaid_assets": 33600000, "allowance_for_loans": -13789000, "total_current_asset": 729759000, "total_non_current_liabilities": 1596553000, "free_cash_flow": 617454000, "net_operating_cash_flow": 726260000, "net_cash_flow": -74334000, "capital_expenditure": -108806000, "source": 1, "updated_on": "2025-12-06 02:41:33", "stock_id": 278}, {"date": "2025-05-31", "total_revenue": 87926000000, "gross_income": 18995000000, "operating_income": 5994000000, "pretax_income": 5441000000, "income_taxes": 1349000000, "net_income": 4092000000, "ebit": 6230000000, "ebitda": 10494000000, "diluted_shares_outstanding": 243426532, "interest_expense_non_operating": 789000000, "interest_income": 363000000, "interest_expense": 789000000, "net_interest_income": -426000000, "non_interest_income": 363000000, "operating_expense": 13001000000, "non_operating_income_or_loss": -426000000, "minorities": null, "provision": null, "cost_of_revenue": 68931000000, "cash_and_short_term_investments": 5502000000, "total_assets": 87627000000, "total_non_current_assets": 69241000000, "total_liabilities": 59553000000, "total_current_liabilities": 15411000000, "total_debt": 37416000000, "stockholders_equity": 28074000000, "total_equity": 28074000000, "inventories": 602000000, "retained_earnings": 41402000000, "prepaid_assets": null, "allowance_for_loans": -773000000, "total_current_asset": 18386000000, "total_non_current_liabilities": 44142000000, "free_cash_flow": 2981000000, "net_operating_cash_flow": 7036000000, "net_cash_flow": -1075000000, "capital_expenditure": -4055000000, "source": 1, "updated_on": "2025-12-06 02:41:33", "stock_id": 154}, {"date": "2025-09-30", "total_revenue": 3088072000, "gross_income": 2514094000, "operating_income": 791433000, "pretax_income": 808336000, "income_taxes": 115956000, "net_income": 692380000, "ebit": 791433000, "ebitda": 883832000, "diluted_shares_outstanding": 58684000, "interest_expense_non_operating": null, "interest_income": null, "interest_expense": null, "net_interest_income": null, "non_interest_income": null, "operating_expense": 1722661000, "non_operating_income_or_loss": null, "minorities": null, "provision": null, "cost_of_revenue": 573978000, "cash_and_short_term_investments": 1344273000, "total_assets": 6319492000, "total_non_current_assets": 3800791000, "total_liabilities": 2727493000, "total_current_liabilities": 1612581000, "total_debt": 261791000, "stockholders_equity": 3591999000, "total_equity": 3591999000, "inventories": 77229000, "retained_earnings": 3568300000, "prepaid_assets": 86346000, "allowance_for_loans": -2877000, "total_current_asset": 2518701000, "total_non_current_liabilities": 1114912000, "free_cash_flow": 906406000, "net_operating_cash_flow": 949666000, "net_cash_flow": 265360000, "capital_expenditure": -43260000, "source": 1, "updated_on": "2025-12-06 02:41:33", "stock_id": 187}, {"date": "2025-09-30", "total_revenue": 1990869000, "gross_income": 1637147000, "operating_income": 935772000, "pretax_income": 802595000, "income_taxes": 150649000, "net_income": 651946000, "ebit": 936242000, "ebitda": 951194000, "diluted_shares_outstanding": 24561000, "interest_expense_non_operating": 133647000, "interest_income": null, "interest_expense": 133647000, "net_interest_income": -133647000, "non_interest_income": 2124516000, "operating_expense": 701375000, "non_operating_income_or_loss": -133647000, "minorities": null, "provision": null, "cost_of_revenue": 353722000, "cash_and_short_term_investments": 134136000, "total_assets": 1868133000, "total_non_current_assets": 1162968000, "total_liabilities": 3613917000, "total_current_liabilities": 849215000, "total_debt": 3074878000, "stockholders_equity": -1745784000, "total_equity": -1745784000, "inventories": null, "retained_earnings": 4552816000, "prepaid_assets": null, "allowance_for_loans": null, "total_current_asset": 705165000, "total_non_current_liabilities": 2764702000, "free_cash_flow": 739400000, "net_operating_cash_flow": 778807000, "net_cash_flow": -15241000, "capital_expenditure": -39407000, "source": 1, "updated_on": "2025-12-06 02:41:33", "stock_id": 98}, {"date": "2025-06-30", "total_revenue": 16300000000, "gross_income": null, "operating_income": 3229000000, "pretax_income": 3061000000, "income_taxes": 768000000, "net_income": 2263000000, "ebit": 3464000000, "ebitda": 3849000000, "diluted_shares_outstanding": 461000000, "interest_expense_non_operating": 403000000, "interest_income": 176000000, "interest_expense": 403000000, "net_interest_income": -227000000, "non_interest_income": 176000000, "operating_expense": 13071000000, "non_operating_income_or_loss": -227000000, "minorities": -30000000, "provision": null, "cost_of_revenue": null, "cash_and_short_term_investments": 5351000000, "total_assets": 23195000000, "total_non_current_assets": 14766000000, "total_liabilities": 10840000000, "total_current_liabilities": 2897000000, "total_debt": 7465000000, "stockholders_equity": 11962000000, "total_equity": 12355000000, "inventories": 432000000, "retained_earnings": 4479000000, "prepaid_assets": null, "allowance_for_loans": -50000000, "total_current_asset": 8429000000, "total_non_current_liabilities": 7943000000, "free_cash_flow": 2993000000, "net_operating_cash_flow": 3324000000, "net_cash_flow": 1032000000, "capital_expenditure": -331000000, "source": 1, "updated_on": "2025-12-06 02:41:33", "stock_id": 415}, {"date": "2025-06-30", "total_revenue": 16300000000, "gross_income": null, "operating_income": 3229000000, "pretax_income": 3061000000, "income_taxes": 768000000, "net_income": 2263000000, "ebit": 3464000000, "ebitda": 3849000000, "diluted_shares_outstanding": 461000000, "interest_expense_non_operating": 403000000, "interest_income": 176000000, "interest_expense": 403000000, "net_interest_income": -227000000, "non_interest_income": 176000000, "operating_expense": 13071000000, "non_operating_income_or_loss": -227000000, "minorities": -30000000, "provision": null, "cost_of_revenue": null, "cash_and_short_term_investments": 5351000000, "total_assets": 23195000000, "total_non_current_assets": 14766000000, "total_liabilities": 10840000000, "total_current_liabilities": 2897000000, "total_debt": 7465000000, "stockholders_equity": 11962000000, "total_equity": 12355000000, "inventories": 432000000, "retained_earnings": 4479000000, "prepaid_assets": null, "allowance_for_loans": -50000000, "total_current_asset": 8429000000, "total_non_current_liabilities": 7943000000, "free_cash_flow": 2993000000, "net_operating_cash_flow": 3324000000, "net_cash_flow": 1032000000, "capital_expenditure": -331000000, "source": 1, "updated_on": "2025-12-06 02:41:33", "stock_id": 361}, {"date": "2025-03-31", "total_revenue": 3935000000, "gross_income": 3159000000, "operating_income": 1620000000, "pretax_income": 1029000000, "income_taxes": 386000000, "net_income": 643000000, "ebit": 1607000000, "ebitda": 2026000000, "diluted_shares_outstanding": 624000000, "interest_expense_non_operating": 578000000, "interest_income": 28000000, "interest_expense": 578000000, "net_interest_income": -550000000, "non_interest_income": 28000000, "operating_expense": 1539000000, "non_operating_income_or_loss": -550000000, "minorities": null, "provision": null, "cost_of_revenue": 776000000, "cash_and_short_term_investments": 1006000000, "total_assets": 15495000000, "total_non_current_assets": 14051000000, "total_liabilities": 13226000000, "total_current_liabilities": 2851000000, "total_debt": 8315000000, "stockholders_equity": 2269000000, "total_equity": 2269000000, "inventories": null, "retained_earnings": 236000000, "prepaid_assets": 136000000, "allowance_for_loans": -2000000, "total_current_asset": 1444000000, "total_non_current_liabilities": 10375000000, "free_cash_flow": 1206000000, "net_operating_cash_flow": 1221000000, "net_cash_flow": 151000000, "capital_expenditure": -15000000, "source": 1, "updated_on": "2025-12-06 02:41:33", "stock_id": 91}, {"date": "2025-05-31", "total_revenue": 19486600000, "gross_income": 6733000000, "operating_income": 3287200000, "pretax_income": 2835000000, "income_taxes": 573700000, "net_income": 2295200000, "ebit": 3383800000, "ebitda": 3922800000, "diluted_shares_outstanding": 557500000, "interest_expense_non_operating": 548800000, "interest_income": 24600000, "interest_expense": 548800000, "net_interest_income": -524200000, "non_interest_income": 24600000, "operating_expense": 3445800000, "non_operating_income_or_loss": -524200000, "minorities": -23700000, "provision": null, "cost_of_revenue": 12753600000, "cash_and_short_term_investments": 363900000, "total_assets": 33071100000, "total_non_current_assets": 27795400000, "total_liabilities": 23859900000, "total_current_liabilities": 7857300000, "total_debt": 15296700000, "stockholders_equity": 9199200000, "total_equity": 9211200000, "inventories": 1910800000, "retained_earnings": 21917800000, "prepaid_assets": 269000000, "allowance_for_loans": -33200000, "total_current_asset": 5275700000, "total_non_current_liabilities": 16002600000, "free_cash_flow": 2292900000, "net_operating_cash_flow": 2918200000, "net_cash_flow": -56800000, "capital_expenditure": -625300000, "source": 1, "updated_on": "2025-12-06 02:41:33", "stock_id": 116}, {"date": "2025-09-30", "total_revenue": 4100500000, "gross_income": 2117900000, "operating_income": 785400000, "pretax_income": 681200000, "income_taxes": 115500000, "net_income": 565700000, "ebit": 798300000, "ebitda": 1098100000, "diluted_shares_outstanding": 227573000, "interest_expense_non_operating": 117100000, "interest_income": 74400000, "interest_expense": 117100000, "net_interest_income": -42700000, "non_interest_income": 74400000, "operating_expense": 1332500000, "non_operating_income_or_loss": -42700000, "minorities": null, "provision": null, "cost_of_revenue": 1982600000, "cash_and_short_term_investments": 2202700000, "total_assets": 9014900000, "total_non_current_assets": 5346800000, "total_liabilities": 3967000000, "total_current_liabilities": 977200000, "total_debt": 2626800000, "stockholders_equity": 5047900000, "total_equity": 5047900000, "inventories": 679400000, "retained_earnings": 3411500000, "prepaid_assets": 33200000, "allowance_for_loans": -38200000, "total_current_asset": 3668100000, "total_non_current_liabilities": 2989800000, "free_cash_flow": 904700000, "net_operating_cash_flow": 1057100000, "net_cash_flow": -202800000, "capital_expenditure": -152400000, "source": 1, "updated_on": "2025-12-06 02:41:33", "stock_id": 53}, {"date": "2025-10-31", "total_revenue": null, "gross_income": null, "operating_income": null, "pretax_income": null, "income_taxes": null, "net_income": null, "ebit": null, "ebitda": null, "diluted_shares_outstanding": 953000000, "interest_expense_non_operating": null, "interest_income": null, "interest_expense": null, "net_interest_income": null, "non_interest_income": null, "operating_expense": null, "non_operating_income_or_loss": null, "minorities": null, "provision": null, "cost_of_revenue": null, "cash_and_short_term_investments": null, "total_assets": null, "total_non_current_assets": null, "total_liabilities": null, "total_current_liabilities": null, "total_debt": null, "stockholders_equity": null, "total_equity": null, "inventories": null, "retained_earnings": null, "prepaid_assets": null, "allowance_for_loans": null, "total_current_asset": null, "total_non_current_liabilities": null, "free_cash_flow": null, "net_operating_cash_flow": null, "net_cash_flow": null, "capital_expenditure": null, "source": 1, "updated_on": "2025-12-06 02:41:33", "stock_id": 167}, {"date": "2025-07-31", "total_revenue": 18831000000, "gross_income": 14983000000, "operating_income": 4938000000, "pretax_income": 4834000000, "income_taxes": 965000000, "net_income": 3869000000, "ebit": 5081000000, "ebitda": 5890000000, "diluted_shares_outstanding": 283000000, "interest_expense_non_operating": 247000000, "interest_income": 175000000, "interest_expense": 247000000, "net_interest_income": -72000000, "non_interest_income": 175000000, "operating_expense": 10045000000, "non_operating_income_or_loss": -72000000, "minorities": null, "provision": null, "cost_of_revenue": 3848000000, "cash_and_short_term_investments": 4552000000, "total_assets": 36958000000, "total_non_current_assets": 22851000000, "total_liabilities": 17248000000, "total_current_liabilities": 10370000000, "total_debt": 6639000000, "stockholders_equity": 19710000000, "total_equity": 19710000000, "inventories": null, "retained_earnings": 19668000000, "prepaid_assets": null, "allowance_for_loans": -5000000, "total_current_asset": 14107000000, "total_non_current_liabilities": 6878000000, "free_cash_flow": 6083000000, "net_operating_cash_flow": 6207000000, "net_cash_flow": 2379000000, "capital_expenditure": -124000000, "source": 1, "updated_on": "2025-12-06 02:41:33", "stock_id": 164}, {"date": "2025-09-30", "total_revenue": 12029783000, "gross_income": 2984934000, "operating_income": 863634000, "pretax_income": 543477000, "income_taxes": 215555000, "net_income": 289336000, "ebit": 689265000, "ebitda": 926841000, "diluted_shares_outstanding": 121932000, "interest_expense_non_operating": 145788000, "interest_income": 35804000, "interest_expense": 145788000, "net_interest_income": -109984000, "non_interest_income": 35804000, "operating_expense": 2121300000, "non_operating_income_or_loss": -109984000, "minorities": -14620000, "provision": null, "cost_of_revenue": 9044849000, "cash_and_short_term_investments": 1235448000, "total_assets": 11252535000, "total_non_current_assets": 6893216000, "total_liabilities": 6585936000, "total_current_liabilities": 3350899000, "total_debt": 2709857000, "stockholders_equity": 3640807000, "total_equity": 4666599000, "inventories": null, "retained_earnings": 1525760000, "prepaid_assets": null, "allowance_for_loans": null, "total_current_asset": 4359319000, "total_non_current_liabilities": 3235037000, "free_cash_flow": 607472000, "net_operating_cash_flow": 686704000, "net_cash_flow": 86192000, "capital_expenditure": -79232000, "source": 1, "updated_on": "2025-12-06 02:41:33", "stock_id": 179}, {"date": "2025-08-31", "total_revenue": 29802000000, "gross_income": 2646000000, "operating_income": 1436000000, "pretax_income": 892000000, "income_taxes": 235000000, "net_income": 657000000, "ebit": 1039000000, "ebitda": 1713000000, "diluted_shares_outstanding": 110900000, "interest_expense_non_operating": 147000000, "interest_income": null, "interest_expense": 147000000, "net_interest_income": -147000000, "non_interest_income": 29949000000, "operating_expense": 1210000000, "non_operating_income_or_loss": -147000000, "minorities": 0, "provision": null, "cost_of_revenue": 27156000000, "cash_and_short_term_investments": 1933000000, "total_assets": 18543000000, "total_non_current_assets": 4823000000, "total_liabilities": 17026000000, "total_current_liabilities": 13714000000, "total_debt": 3366000000, "stockholders_equity": 1513000000, "total_equity": 1517000000, "inventories": 4681000000, "retained_earnings": 6382000000, "prepaid_assets": 2010000000, "allowance_for_loans": null, "total_current_asset": 13720000000, "total_non_current_liabilities": 3312000000, "free_cash_flow": 1172000000, "net_operating_cash_flow": 1640000000, "net_cash_flow": -278000000, "capital_expenditure": -468000000, "source": 1, "updated_on": "2025-12-06 02:41:33", "stock_id": 527}, {"date": "2025-09-30", "total_revenue": 23596000000, "gross_income": 8592000000, "operating_income": 2828000000, "pretax_income": 1969000000, "income_taxes": 245000000, "net_income": 3291000000, "ebit": 2196000000, "ebitda": 3061000000, "diluted_shares_outstanding": null, "interest_expense_non_operating": 227000000, "interest_income": 19000000, "interest_expense": 227000000, "net_interest_income": -230000000, "non_interest_income": 19000000, "operating_expense": 5764000000, "non_operating_income_or_loss": -230000000, "minorities": -222000000, "provision": null, "cost_of_revenue": 15004000000, "cash_and_short_term_investments": 379000000, "total_assets": 37939000000, "total_non_current_assets": 27777000000, "total_liabilities": 24985000000, "total_current_liabilities": 10941000000, "total_debt": 9880000000, "stockholders_equity": 12927000000, "total_equity": 12954000000, "inventories": 1820000000, "retained_earnings": 0, "prepaid_assets": null, "allowance_for_loans": -205000000, "total_current_asset": 10162000000, "total_non_current_liabilities": 14044000000, "free_cash_flow": 965000000, "net_operating_cash_flow": 1399000000, "net_cash_flow": -110000000, "capital_expenditure": -434000000, "source": 1, "updated_on": "2025-12-06 02:41:33", "stock_id": 322}, {"date": "2025-06-30", "total_revenue": 2375288000, "gross_income": 1014541000, "operating_income": 568715000, "pretax_income": 586036000, "income_taxes": 130288000, "net_income": 455748000, "ebit": 596474000, "ebitda": 801225000, "diluted_shares_outstanding": 73045000, "interest_expense_non_operating": 10438000, "interest_income": 27759000, "interest_expense": 10438000, "net_interest_income": 17321000, "non_interest_income": 27759000, "operating_expense": 445826000, "non_operating_income_or_loss": 17321000, "minorities": null, "provision": null, "cost_of_revenue": 1360747000, "cash_and_short_term_investments": 101953000, "total_assets": 3043970000, "total_non_current_assets": 2362506000, "total_liabilities": 913138000, "total_current_liabilities": 535784000, "total_debt": null, "stockholders_equity": 2130832000, "total_equity": 2130832000, "inventories": null, "retained_earnings": 3372794000, "prepaid_assets": null, "allowance_for_loans": null, "total_current_asset": 681464000, "total_non_current_liabilities": 377354000, "free_cash_flow": 410338000, "net_operating_cash_flow": 641504000, "net_cash_flow": 63669000, "capital_expenditure": -231166000, "source": 1, "updated_on": "2025-12-06 02:41:33", "stock_id": 292}, {"date": "2025-10-31", "total_revenue": null, "gross_income": null, "operating_income": null, "pretax_income": null, "income_taxes": null, "net_income": null, "ebit": null, "ebitda": null, "diluted_shares_outstanding": 173000000, "interest_expense_non_operating": null, "interest_income": null, "interest_expense": null, "net_interest_income": null, "non_interest_income": null, "operating_expense": null, "non_operating_income_or_loss": null, "minorities": null, "provision": null, "cost_of_revenue": null, "cash_and_short_term_investments": null, "total_assets": null, "total_non_current_assets": null, "total_liabilities": null, "total_current_liabilities": null, "total_debt": null, "stockholders_equity": null, "total_equity": null, "inventories": null, "retained_earnings": null, "prepaid_assets": null, "allowance_for_loans": null, "total_current_asset": null, "total_non_current_liabilities": null, "free_cash_flow": null, "net_operating_cash_flow": null, "net_cash_flow": null, "capital_expenditure": null, "source": 1, "updated_on": "2025-12-06 02:41:33", "stock_id": 131}, {"date": "2025-06-30", "total_revenue": 12156162000, "gross_income": 7404295000, "operating_income": 5014227000, "pretax_income": 4644448000, "income_taxes": 582805000, "net_income": 4061643000, "ebit": 4946614000, "ebitda": 5340702000, "diluted_shares_outstanding": null, "interest_expense_non_operating": 302166000, "interest_income": 180276000, "interest_expense": 302166000, "net_interest_income": -121890000, "non_interest_income": 180276000, "operating_expense": 2390068000, "non_operating_income_or_loss": -121890000, "minorities": 0, "provision": null, "cost_of_revenue": 4751867000, "cash_and_short_term_investments": 4494623000, "total_assets": 16067926000, "total_non_current_assets": 5369137000, "total_liabilities": 11375473000, "total_current_liabilities": 4085795000, "total_debt": 6088282000, "stockholders_equity": 4692453000, "total_equity": 4692453000, "inventories": 3212149000, "retained_earnings": 2179330000, "prepaid_assets": 201053000, "allowance_for_loans": -34015000, "total_current_asset": 10698789000, "total_non_current_liabilities": 7289678000, "free_cash_flow": 3741694000, "net_operating_cash_flow": 4081903000, "net_cash_flow": 93735000, "capital_expenditure": -340209000, "source": 1, "updated_on": "2025-12-06 02:41:33", "stock_id": 97}, {"date": "2025-06-30", "total_revenue": 18435591000, "gross_income": 8979059000, "operating_income": 5900968000, "pretax_income": 5958129000, "income_taxes": 599912000, "net_income": 5358217000, "ebit": 6136332000, "ebitda": 6522609000, "diluted_shares_outstanding": 1290142000, "interest_expense_non_operating": 178203000, "interest_income": 231331000, "interest_expense": 178203000, "net_interest_income": 53128000, "non_interest_income": 231331000, "operating_expense": 3078091000, "non_operating_income_or_loss": 53128000, "minorities": null, "provision": null, "cost_of_revenue": 9456532000, "cash_and_short_term_investments": 6390659000, "total_assets": 21345260000, "total_non_current_assets": 6828265000, "total_liabilities": 11483641000, "total_current_liabilities": 6568425000, "total_debt": 4484505000, "stockholders_equity": 9861619000, "total_equity": 9861619000, "inventories": 4307991000, "retained_earnings": 28988914000, "prepaid_assets": null, "allowance_for_loans": -6496000, "total_current_asset": 14516995000, "total_non_current_liabilities": 4915216000, "free_cash_flow": 5414078000, "net_operating_cash_flow": 6173264000, "net_cash_flow": 528529000, "capital_expenditure": -759186000, "source": 1, "updated_on": "2025-12-06 02:41:33", "stock_id": 107}, {"date": "2025-05-31", "total_revenue": 6451300000, "gross_income": 1398600000, "operating_income": 765100000, "pretax_income": 485100000, "income_taxes": 143100000, "net_income": 357200000, "ebit": 665100000, "ebitda": 1072600000, "diluted_shares_outstanding": 142700000, "interest_expense_non_operating": 180000000, "interest_income": null, "interest_expense": 180000000, "net_interest_income": -180000000, "non_interest_income": 6631300000, "operating_expense": 633500000, "non_operating_income_or_loss": -180000000, "minorities": null, "provision": null, "cost_of_revenue": 5052700000, "cash_and_short_term_investments": 70700000, "total_assets": 7392600000, "total_non_current_assets": 5359900000, "total_liabilities": 5654900000, "total_current_liabilities": 1476000000, "total_debt": 4155300000, "stockholders_equity": 1737700000, "total_equity": 1737700000, "inventories": 1035400000, "retained_earnings": 2848900000, "prepaid_assets": null, "allowance_for_loans": -900000, "total_current_asset": 2032700000, "total_non_current_liabilities": 4178900000, "free_cash_flow": 230100000, "net_operating_cash_flow": 868300000, "net_cash_flow": -4700000, "capital_expenditure": -638200000, "source": 1, "updated_on": "2025-12-06 02:41:33", "stock_id": 138}, {"date": "2025-03-31", "total_revenue": 4401600000, "gross_income": 2467900000, "operating_income": 375500000, "pretax_income": 38900000, "income_taxes": 39400000, "net_income": -500000, "ebit": 290300000, "ebitda": 1040400000, "diluted_shares_outstanding": 537300000, "interest_expense_non_operating": 251400000, "interest_income": 9200000, "interest_expense": 251400000, "net_interest_income": -250000000, "non_interest_income": 9200000, "operating_expense": 2092400000, "non_operating_income_or_loss": -250000000, "minorities": null, "provision": null, "cost_of_revenue": 1933700000, "cash_and_short_term_investments": 771700000, "total_assets": 15374600000, "total_non_current_assets": 12383300000, "total_liabilities": 8296300000, "total_current_liabilities": 1155100000, "total_debt": 5666100000, "stockholders_equity": 7078300000, "total_equity": 7078300000, "inventories": 1293500000, "retained_earnings": 5781100000, "prepaid_assets": null, "allowance_for_loans": null, "total_current_asset": 2991300000, "total_non_current_liabilities": 7141200000, "free_cash_flow": 772100000, "net_operating_cash_flow": 898100000, "net_cash_flow": 452000000, "capital_expenditure": -126000000, "source": 1, "updated_on": "2025-12-06 02:41:33", "stock_id": 270}, {"date": "2025-04-30", "total_revenue": 33537000000, "gross_income": 21905000000, "operating_income": 6540000000, "pretax_income": 5628000000, "income_taxes": 936000000, "net_income": 4662000000, "ebit": 6357000000, "ebitda": 9218000000, "diluted_shares_outstanding": 1289900000, "interest_expense_non_operating": 729000000, "interest_income": null, "interest_expense": 729000000, "net_interest_income": -729000000, "non_interest_income": 34266000000, "operating_expense": 15365000000, "non_operating_income_or_loss": -729000000, "minorities": -29000000, "provision": null, "cost_of_revenue": 11632000000, "cash_and_short_term_investments": 8965000000, "total_assets": 91680000000, "total_non_current_assets": 67865000000, "total_liabilities": 43424000000, "total_current_liabilities": 12879000000, "total_debt": 28516000000, "stockholders_equity": 48024000000, "total_equity": 48256000000, "inventories": 5476000000, "retained_earnings": 31476000000, "prepaid_assets": null, "allowance_for_loans": -199000000, "total_current_asset": 23814000000, "total_non_current_liabilities": 30545000000, "free_cash_flow": 5185000000, "net_operating_cash_flow": 7044000000, "net_cash_flow": 746000000, "capital_expenditure": -1859000000, "source": 1, "updated_on": "2025-12-06 02:41:33", "stock_id": 548}, {"date": "2025-06-30", "total_revenue": 281724000000, "gross_income": 193893000000, "operating_income": 128528000000, "pretax_income": 123627000000, "income_taxes": 21795000000, "net_income": 101832000000, "ebit": 126012000000, "ebitda": 160165000000, "diluted_shares_outstanding": 7465000000, "interest_expense_non_operating": 2385000000, "interest_income": 2647000000, "interest_expense": 2385000000, "net_interest_income": 262000000, "non_interest_income": 2647000000, "operating_expense": 65365000000, "non_operating_income_or_loss": 262000000, "minorities": null, "provision": null, "cost_of_revenue": 87831000000, "cash_and_short_term_investments": 94555000000, "total_assets": 619003000000, "total_non_current_assets": 427872000000, "total_liabilities": 275524000000, "total_current_liabilities": 141218000000, "total_debt": 60588000000, "stockholders_equity": 343479000000, "total_equity": 343479000000, "inventories": 938000000, "retained_earnings": 237731000000, "prepaid_assets": null, "allowance_for_loans": -944000000, "total_current_asset": 191131000000, "total_non_current_liabilities": 134306000000, "free_cash_flow": 71611000000, "net_operating_cash_flow": 136162000000, "net_cash_flow": 11864000000, "capital_expenditure": -64551000000, "source": 1, "updated_on": "2025-12-06 02:41:33", "stock_id": 133}, {"date": "2025-08-31", "total_revenue": 37378000000, "gross_income": 14873000000, "operating_income": 9809000000, "pretax_income": 9654000000, "income_taxes": 1124000000, "net_income": 8539000000, "ebit": 10131000000, "ebitda": 18483000000, "diluted_shares_outstanding": 1125000000, "interest_expense_non_operating": 477000000, "interest_income": 496000000, "interest_expense": 477000000, "net_interest_income": 19000000, "non_interest_income": 496000000, "operating_expense": 5064000000, "non_operating_income_or_loss": 19000000, "minorities": null, "provision": null, "cost_of_revenue": 22505000000, "cash_and_short_term_investments": 10307000000, "total_assets": 82798000000, "total_non_current_assets": 53957000000, "total_liabilities": 28633000000, "total_current_liabilities": 11454000000, "total_debt": 15278000000, "stockholders_equity": 54165000000, "total_equity": 54165000000, "inventories": 8355000000, "retained_earnings": 48583000000, "prepaid_assets": null, "allowance_for_loans": null, "total_current_asset": 28841000000, "total_non_current_liabilities": 17179000000, "free_cash_flow": 1668000000, "net_operating_cash_flow": 17525000000, "net_cash_flow": 2588000000, "capital_expenditure": -15857000000, "source": 1, "updated_on": "2025-12-06 02:41:33", "stock_id": 271}, {"date": "2025-05-31", "total_revenue": 46309000000, "gross_income": 19790000000, "operating_income": 3702000000, "pretax_income": 3885000000, "income_taxes": 666000000, "net_income": 3219000000, "ebit": 3702000000, "ebitda": 4510000000, "diluted_shares_outstanding": 1487600000, "interest_expense_non_operating": null, "interest_income": null, "interest_expense": null, "net_interest_income": 107000000, "non_interest_income": 46202000000, "operating_expense": 16088000000, "non_operating_income_or_loss": 107000000, "minorities": null, "provision": null, "cost_of_revenue": 26519000000, "cash_and_short_term_investments": 9151000000, "total_assets": 36579000000, "total_non_current_assets": 13217000000, "total_liabilities": 23366000000, "total_current_liabilities": 10566000000, "total_debt": 11018000000, "stockholders_equity": 13213000000, "total_equity": 13213000000, "inventories": 7489000000, "retained_earnings": -727000000, "prepaid_assets": null, "allowance_for_loans": -27000000, "total_current_asset": 23362000000, "total_non_current_liabilities": 12800000000, "free_cash_flow": 3268000000, "net_operating_cash_flow": 3698000000, "net_cash_flow": -2397000000, "capital_expenditure": -430000000, "source": 1, "updated_on": "2025-12-06 02:41:33", "stock_id": 211}, {"date": "2025-04-30", "total_revenue": 6572000000, "gross_income": 4613000000, "operating_income": 1425000000, "pretax_income": 1383000000, "income_taxes": 197000000, "net_income": 1186000000, "ebit": 1447000000, "ebitda": 1690000000, "diluted_shares_outstanding": 209000000, "interest_expense_non_operating": 64000000, "interest_income": 112000000, "interest_expense": 64000000, "net_interest_income": 48000000, "non_interest_income": 112000000, "operating_expense": 3188000000, "non_operating_income_or_loss": 48000000, "minorities": null, "provision": null, "cost_of_revenue": 1959000000, "cash_and_short_term_investments": 3846000000, "total_assets": 10823000000, "total_non_current_assets": 4972000000, "total_liabilities": 9783000000, "total_current_liabilities": 4662000000, "total_debt": 3491000000, "stockholders_equity": 1040000000, "total_equity": 1040000000, "inventories": 186000000, "retained_earnings": 0, "prepaid_assets": null, "allowance_for_loans": null, "total_current_asset": 5851000000, "total_non_current_liabilities": 5121000000, "free_cash_flow": 1338000000, "net_operating_cash_flow": 1506000000, "net_cash_flow": 825000000, "capital_expenditure": -168000000, "source": 1, "updated_on": "2025-12-06 02:41:33", "stock_id": 433}, {"date": "2025-06-30", "total_revenue": 8452000000, "gross_income": null, "operating_income": 956000000, "pretax_income": 923000000, "income_taxes": 275000000, "net_income": 1180000000, "ebit": 956000000, "ebitda": 1415000000, "diluted_shares_outstanding": 569900000, "interest_expense_non_operating": null, "interest_income": null, "interest_expense": null, "net_interest_income": 3000000, "non_interest_income": 8449000000, "operating_expense": 7496000000, "non_operating_income_or_loss": 3000000, "minorities": -160000000, "provision": null, "cost_of_revenue": null, "cash_and_short_term_investments": 2403000000, "total_assets": 15504000000, "total_non_current_assets": 10693000000, "total_liabilities": 6115000000, "total_current_liabilities": 2608000000, "total_debt": 2940000000, "stockholders_equity": 8774000000, "total_equity": 9389000000, "inventories": 327000000, "retained_earnings": -747000000, "prepaid_assets": null, "allowance_for_loans": -56000000, "total_current_asset": 4811000000, "total_non_current_liabilities": 3507000000, "free_cash_flow": 571000000, "net_operating_cash_flow": 978000000, "net_cash_flow": 418000000, "capital_expenditure": -407000000, "source": 1, "updated_on": "2025-12-06 02:41:33", "stock_id": 389}, {"date": "2025-06-30", "total_revenue": 8452000000, "gross_income": null, "operating_income": 956000000, "pretax_income": 923000000, "income_taxes": 275000000, "net_income": 1180000000, "ebit": 956000000, "ebitda": 1415000000, "diluted_shares_outstanding": 569900000, "interest_expense_non_operating": null, "interest_income": null, "interest_expense": null, "net_interest_income": 3000000, "non_interest_income": 8449000000, "operating_expense": 7496000000, "non_operating_income_or_loss": 3000000, "minorities": -160000000, "provision": null, "cost_of_revenue": null, "cash_and_short_term_investments": 2403000000, "total_assets": 15504000000, "total_non_current_assets": 10693000000, "total_liabilities": 6115000000, "total_current_liabilities": 2608000000, "total_debt": 2940000000, "stockholders_equity": 8774000000, "total_equity": 9389000000, "inventories": 327000000, "retained_earnings": -747000000, "prepaid_assets": null, "allowance_for_loans": -56000000, "total_current_asset": 4811000000, "total_non_current_liabilities": 3507000000, "free_cash_flow": 571000000, "net_operating_cash_flow": 978000000, "net_cash_flow": 418000000, "capital_expenditure": -407000000, "source": 1, "updated_on": "2025-12-06 02:41:33", "stock_id": 417}, {"date": "2025-05-31", "total_revenue": 57399000000, "gross_income": 40472000000, "operating_income": 18052000000, "pretax_income": 14160000000, "income_taxes": 1717000000, "net_income": 12443000000, "ebit": 17738000000, "ebitda": 23912000000, "diluted_shares_outstanding": 2866000000, "interest_expense_non_operating": 3578000000, "interest_income": 578000000, "interest_expense": 3578000000, "net_interest_income": -3000000000, "non_interest_income": 578000000, "operating_expense": 22420000000, "non_operating_income_or_loss": -3000000000, "minorities": null, "provision": null, "cost_of_revenue": 16927000000, "cash_and_short_term_investments": 11203000000, "total_assets": 168361000000, "total_non_current_assets": 143782000000, "total_liabilities": 147392000000, "total_current_liabilities": 32643000000, "total_debt": 104104000000, "stockholders_equity": 20451000000, "total_equity": 20969000000, "inventories": null, "retained_earnings": -15481000000, "prepaid_assets": null, "allowance_for_loans": -557000000, "total_current_asset": 24579000000, "total_non_current_liabilities": 114749000000, "free_cash_flow": -394000000, "net_operating_cash_flow": 20821000000, "net_cash_flow": 208000000, "capital_expenditure": -21215000000, "source": 1, "updated_on": "2025-12-06 02:41:33", "stock_id": 183}, {"date": "2025-07-31", "total_revenue": 9221500000, "gross_income": 6769900000, "operating_income": 1242900000, "pretax_income": 1595700000, "income_taxes": 461800000, "net_income": 1133900000, "ebit": 1597600000, "ebitda": 1941000000, "diluted_shares_outstanding": 709300000, "interest_expense_non_operating": 1900000, "interest_income": 363500000, "interest_expense": 1900000, "net_interest_income": 360500000, "non_interest_income": 363500000, "operating_expense": 5527000000, "non_operating_income_or_loss": 360500000, "minorities": null, "provision": null, "cost_of_revenue": 2451600000, "cash_and_short_term_investments": 2903200000, "total_assets": 23576200000, "total_non_current_assets": 16053400000, "total_liabilities": 15751800000, "total_current_liabilities": 7988000000, "total_debt": 338200000, "stockholders_equity": 7824400000, "total_equity": 7824400000, "inventories": null, "retained_earnings": 2484100000, "prepaid_assets": null, "allowance_for_loans": -9700000, "total_current_asset": 7522800000, "total_non_current_liabilities": 7763800000, "free_cash_flow": 3469800000, "net_operating_cash_flow": 3716000000, "net_cash_flow": 732400000, "capital_expenditure": -246200000, "source": 1, "updated_on": "2025-12-06 02:41:33", "stock_id": 445}, {"date": "2025-05-31", "total_revenue": 5571700000, "gross_income": 4031300000, "operating_income": 2207700000, "pretax_income": 2175900000, "income_taxes": 518600000, "net_income": 1657300000, "ebit": 2281300000, "ebitda": 2490800000, "diluted_shares_outstanding": 362000000, "interest_expense_non_operating": 105400000, "interest_income": 72800000, "interest_expense": 105400000, "net_interest_income": -32600000, "non_interest_income": 72800000, "operating_expense": 1823600000, "non_operating_income_or_loss": -32600000, "minorities": null, "provision": null, "cost_of_revenue": 1540400000, "cash_and_short_term_investments": 1663100000, "total_assets": 16564100000, "total_non_current_assets": 7647600000, "total_liabilities": 12436100000, "total_current_liabilities": 6956300000, "total_debt": 5022300000, "stockholders_equity": 4128000000, "total_equity": 4128000000, "inventories": null, "retained_earnings": 2277000000, "prepaid_assets": 38900000, "allowance_for_loans": -26000000, "total_current_asset": 8916500000, "total_non_current_liabilities": 5479800000, "free_cash_flow": 1709100000, "net_operating_cash_flow": 1900900000, "net_cash_flow": 837300000, "capital_expenditure": -191800000, "source": 1, "updated_on": "2025-12-06 02:41:33", "stock_id": 451}, {"date": "2025-06-30", "total_revenue": 84284000000, "gross_income": 43120000000, "operating_income": 20451000000, "pretax_income": 20167000000, "income_taxes": 4102000000, "net_income": 15974000000, "ebit": 21074000000, "ebitda": 23921000000, "diluted_shares_outstanding": 2454400000, "interest_expense_non_operating": 907000000, "interest_income": 469000000, "interest_expense": 907000000, "net_interest_income": -438000000, "non_interest_income": 469000000, "operating_expense": 22669000000, "non_operating_income_or_loss": -438000000, "minorities": -91000000, "provision": null, "cost_of_revenue": 41164000000, "cash_and_short_term_investments": 9556000000, "total_assets": 125231000000, "total_non_current_assets": 99838000000, "total_liabilities": 72947000000, "total_current_liabilities": 36058000000, "total_debt": 35463000000, "stockholders_equity": 52012000000, "total_equity": 52284000000, "inventories": 7551000000, "retained_earnings": 129973000000, "prepaid_assets": null, "allowance_for_loans": null, "total_current_asset": 25392000000, "total_non_current_liabilities": 36889000000, "free_cash_flow": 14044000000, "net_operating_cash_flow": 17817000000, "net_cash_flow": -38000000, "capital_expenditure": -3773000000, "source": 1, "updated_on": "2025-12-06 02:41:33", "stock_id": 81}, {"date": "2025-06-30", "total_revenue": 19850000000, "gross_income": 7315000000, "operating_income": 4060000000, "pretax_income": 4107000000, "income_taxes": 575000000, "net_income": 3531000000, "ebit": 4516000000, "ebitda": 5423000000, "diluted_shares_outstanding": 130200000, "interest_expense_non_operating": 409000000, "interest_income": 11000000, "interest_expense": 409000000, "net_interest_income": -398000000, "non_interest_income": 11000000, "operating_expense": 3255000000, "non_operating_income_or_loss": -398000000, "minorities": -1000000, "provision": null, "cost_of_revenue": 12535000000, "cash_and_short_term_investments": 467000000, "total_assets": 29494000000, "total_non_current_assets": 22544000000, "total_liabilities": 15803000000, "total_current_liabilities": 5819000000, "total_debt": 9285000000, "stockholders_equity": 13682000000, "total_equity": 13691000000, "inventories": 2839000000, "retained_earnings": 21775000000, "prepaid_assets": 263000000, "allowance_for_loans": -10000000, "total_current_asset": 6950000000, "total_non_current_liabilities": 9984000000, "free_cash_flow": 3341000000, "net_operating_cash_flow": 3776000000, "net_cash_flow": 23000000, "capital_expenditure": -435000000, "source": 1, "updated_on": "2025-12-06 02:41:33", "stock_id": 540}, {"date": "2025-09-30", "total_revenue": 2739226000, "gross_income": 2294243000, "operating_income": 998028000, "pretax_income": 920177000, "income_taxes": 186180000, "net_income": 733997000, "ebit": 997196000, "ebitda": 1132612000, "diluted_shares_outstanding": 120777000, "interest_expense_non_operating": 77019000, "interest_income": 3400000, "interest_expense": 77019000, "net_interest_income": -73619000, "non_interest_income": 3400000, "operating_expense": 1296215000, "non_operating_income_or_loss": -73619000, "minorities": null, "provision": null, "cost_of_revenue": 444983000, "cash_and_short_term_investments": 184415000, "total_assets": 6617172000, "total_non_current_assets": 5233805000, "total_liabilities": 2790943000, "total_current_liabilities": 1237404000, "total_debt": 1369867000, "stockholders_equity": 3826229000, "total_equity": 3826229000, "inventories": null, "retained_earnings": 2083607000, "prepaid_assets": 119107000, "allowance_for_loans": -1487000, "total_current_asset": 1383367000, "total_non_current_liabilities": 1553539000, "free_cash_flow": 856688000, "net_operating_cash_flow": 867696000, "net_cash_flow": -79106000, "capital_expenditure": -11008000, "source": 1, "updated_on": "2025-12-06 02:41:33", "stock_id": 231}, {"date": "2025-09-30", "total_revenue": 44284000000, "gross_income": 24546000000, "operating_income": 12394000000, "pretax_income": 12663000000, "income_taxes": 7122000000, "net_income": 5541000000, "ebit": 13327000000, "ebitda": 14929000000, "diluted_shares_outstanding": null, "interest_expense_non_operating": 664000000, "interest_income": 639000000, "interest_expense": 664000000, "net_interest_income": -25000000, "non_interest_income": 639000000, "operating_expense": 12152000000, "non_operating_income_or_loss": -25000000, "minorities": null, "provision": null, "cost_of_revenue": 19738000000, "cash_and_short_term_investments": 10155000000, "total_assets": 50143000000, "total_non_current_assets": 24389000000, "total_liabilities": 28937000000, "total_current_liabilities": 9144000000, "total_debt": 14811000000, "stockholders_equity": 21206000000, "total_equity": 21206000000, "inventories": 6526000000, "retained_earnings": 20646000000, "prepaid_assets": null, "allowance_for_loans": null, "total_current_asset": 25754000000, "total_non_current_liabilities": 19793000000, "free_cash_flow": 12820000000, "net_operating_cash_flow": 14012000000, "net_cash_flow": 16000000, "capital_expenditure": -1192000000, "source": 1, "updated_on": "2025-12-06 02:41:33", "stock_id": 275}, {"date": "2025-03-31", "total_revenue": 3718971000, "gross_income": 1535589000, "operating_income": 288096000, "pretax_income": 65899000, "income_taxes": 10284000, "net_income": 55615000, "ebit": 144227000, "ebitda": 441063000, "diluted_shares_outstanding": 95450000, "interest_expense_non_operating": 78328000, "interest_income": null, "interest_expense": 78328000, "net_interest_income": -78328000, "non_interest_income": 3797299000, "operating_expense": 1247493000, "non_operating_income_or_loss": -78328000, "minorities": null, "provision": null, "cost_of_revenue": 2183382000, "cash_and_short_term_investments": 1021176000, "total_assets": 5933131000, "total_non_current_assets": 3765856000, "total_liabilities": 2540819000, "total_current_liabilities": 783182000, "total_debt": 1549215000, "stockholders_equity": 3392312000, "total_equity": 3392312000, "inventories": 640992000, "retained_earnings": -33983000, "prepaid_assets": 32808000, "allowance_for_loans": -309000, "total_current_asset": 2167275000, "total_non_current_liabilities": 1757637000, "free_cash_flow": 484602000, "net_operating_cash_flow": 622202000, "net_cash_flow": -25605000, "capital_expenditure": -137600000, "source": 1, "updated_on": "2025-12-06 02:41:33", "stock_id": 85}, {"date": "2025-09-30", "total_revenue": 13842000000, "gross_income": null, "operating_income": null, "pretax_income": 2714000000, "income_taxes": 579000000, "net_income": 2135000000, "ebit": null, "ebitda": null, "diluted_shares_outstanding": 206600000, "interest_expense_non_operating": null, "interest_income": 3994000000, "interest_expense": 1847000000, "net_interest_income": 2147000000, "non_interest_income": 11695000000, "operating_expense": null, "non_operating_income_or_loss": null, "minorities": null, "provision": null, "cost_of_revenue": null, "cash_and_short_term_investments": null, "total_assets": 88230000000, "total_non_current_assets": null, "total_liabilities": 75726000000, "total_current_liabilities": null, "total_debt": 4220000000, "stockholders_equity": 12503000000, "total_equity": 12504000000, "inventories": null, "retained_earnings": 13604000000, "prepaid_assets": 218000000, "allowance_for_loans": null, "total_current_asset": null, "total_non_current_liabilities": null, "free_cash_flow": 2246000000, "net_operating_cash_flow": 2434000000, "net_cash_flow": 474000000, "capital_expenditure": -188000000, "source": 1, "updated_on": "2025-12-06 02:41:33", "stock_id": 403}, {"date": "2025-03-31", "total_revenue": 7079000000, "gross_income": 4852900000, "operating_income": 989900000, "pretax_income": 950700000, "income_taxes": 207800000, "net_income": 742900000, "ebit": 994800000, "ebitda": 1214400000, "diluted_shares_outstanding": 64000000, "interest_expense_non_operating": 44100000, "interest_income": 74000000, "interest_expense": 44100000, "net_interest_income": 29900000, "non_interest_income": 74000000, "operating_expense": 3863000000, "non_operating_income_or_loss": 29900000, "minorities": null, "provision": null, "cost_of_revenue": 2226100000, "cash_and_short_term_investments": 2083000000, "total_assets": 7047300000, "total_non_current_assets": 3257400000, "total_liabilities": 4458800000, "total_current_liabilities": 2133700000, "total_debt": 2668100000, "stockholders_equity": 2588500000, "total_equity": 2588500000, "inventories": 949600000, "retained_earnings": 7590100000, "prepaid_assets": 62900000, "allowance_for_loans": -186300000, "total_current_asset": 3789900000, "total_non_current_liabilities": 2325100000, "free_cash_flow": 1018900000, "net_operating_cash_flow": 1235100000, "net_cash_flow": 267000000, "capital_expenditure": -216200000, "source": 1, "updated_on": "2025-12-06 02:41:33", "stock_id": 136}, {"date": "2025-06-30", "total_revenue": 5146327000, "gross_income": 3054970000, "operating_income": 1687394000, "pretax_income": 1677566000, "income_taxes": 276843000, "net_income": 1400723000, "ebit": 1687394000, "ebitda": 1923205000, "diluted_shares_outstanding": null, "interest_expense_non_operating": null, "interest_income": null, "interest_expense": null, "net_interest_income": 4114000, "non_interest_income": 5142213000, "operating_expense": 1367576000, "non_operating_income_or_loss": 4114000, "minorities": null, "provision": null, "cost_of_revenue": 2091357000, "cash_and_short_term_investments": 1209450000, "total_assets": 8174391000, "total_non_current_assets": 4668786000, "total_liabilities": 2206532000, "total_current_liabilities": 1019120000, "total_debt": 851813000, "stockholders_equity": 5967859000, "total_equity": 5967859000, "inventories": 927711000, "retained_earnings": 6081490000, "prepaid_assets": 213279000, "allowance_for_loans": -22424000, "total_current_asset": 3505605000, "total_non_current_liabilities": 1187412000, "free_cash_flow": 1650946000, "net_operating_cash_flow": 1751588000, "net_cash_flow": 945290000, "capital_expenditure": -100642000, "source": 1, "updated_on": "2025-12-06 02:41:33", "stock_id": 367}, {"date": "2025-09-30", "total_revenue": 8342000000, "gross_income": 4016000000, "operating_income": 1423000000, "pretax_income": 917000000, "income_taxes": 168000000, "net_income": 869000000, "ebit": 1073000000, "ebitda": 1398000000, "diluted_shares_outstanding": 113100000, "interest_expense_non_operating": 156000000, "interest_income": 13000000, "interest_expense": 156000000, "net_interest_income": -143000000, "non_interest_income": 13000000, "operating_expense": 2593000000, "non_operating_income_or_loss": -143000000, "minorities": 120000000, "provision": null, "cost_of_revenue": 4326000000, "cash_and_short_term_investments": 468000000, "total_assets": 11219000000, "total_non_current_assets": 7308000000, "total_liabilities": 7508000000, "total_current_liabilities": 3445000000, "total_debt": 3647000000, "stockholders_equity": 3654000000, "total_equity": 3711000000, "inventories": 1247000000, "retained_earnings": 5422000000, "prepaid_assets": null, "allowance_for_loans": -21000000, "total_current_asset": 3911000000, "total_non_current_liabilities": 4063000000, "free_cash_flow": 1358000000, "net_operating_cash_flow": 1544000000, "net_cash_flow": -7000000, "capital_expenditure": -186000000, "source": 1, "updated_on": "2025-12-06 02:41:33", "stock_id": 121}, {"date": "2025-09-30", "total_revenue": 37184400000, "gross_income": 8467300000, "operating_income": 3580800000, "pretax_income": 2507300000, "income_taxes": 650600000, "net_income": 1856400000, "ebit": 3049900000, "ebitda": 4821400000, "diluted_shares_outstanding": 1139800000, "interest_expense_non_operating": 542600000, "interest_income": 113300000, "interest_expense": 542600000, "net_interest_income": -429300000, "non_interest_income": 113300000, "operating_expense": 4886500000, "non_operating_income_or_loss": -429300000, "minorities": -300000, "provision": null, "cost_of_revenue": 28717100000, "cash_and_short_term_investments": 3467000000, "total_assets": 32019700000, "total_non_current_assets": 24637400000, "total_liabilities": 40108900000, "total_current_liabilities": 10210400000, "total_debt": 26611500000, "stockholders_equity": -8096600000, "total_equity": -8089200000, "inventories": 2185600000, "retained_earnings": -8272500000, "prepaid_assets": null, "allowance_for_loans": -24000000, "total_current_asset": 7382300000, "total_non_current_liabilities": 29898500000, "free_cash_flow": 2442000000, "net_operating_cash_flow": 4747500000, "net_cash_flow": -35900000, "capital_expenditure": -2305500000, "source": 1, "updated_on": "2025-12-06 02:41:33", "stock_id": 233}, {"date": "2025-04-30", "total_revenue": 8726100000, "gross_income": 3384700000, "operating_income": 1654500000, "pretax_income": -1046800000, "income_taxes": 184000000, "net_income": -1230800000, "ebit": -658100000, "ebitda": -155600000, "diluted_shares_outstanding": 106400000, "interest_expense_non_operating": 388700000, "interest_income": 30200000, "interest_expense": 388700000, "net_interest_income": -358500000, "non_interest_income": 30200000, "operating_expense": 1730200000, "non_operating_income_or_loss": -358500000, "minorities": null, "provision": null, "cost_of_revenue": 5341400000, "cash_and_short_term_investments": 69900000, "total_assets": 17563300000, "total_non_current_assets": 15416700000, "total_liabilities": 11480700000, "total_current_liabilities": 2652000000, "total_debt": 7761700000, "stockholders_equity": 6082600000, "total_equity": 6082600000, "inventories": 1209400000, "retained_earnings": 501800000, "prepaid_assets": null, "allowance_for_loans": -1500000, "total_current_asset": 2146600000, "total_non_current_liabilities": 8828700000, "free_cash_flow": 816600000, "net_operating_cash_flow": 1210400000, "net_cash_flow": 7400000, "capital_expenditure": -393800000, "source": 1, "updated_on": "2025-12-06 02:41:33", "stock_id": 522}, {"date": "2025-03-31", "total_revenue": 5459515000, "gross_income": 2402764000, "operating_income": 960840000, "pretax_income": 796207000, "income_taxes": 184650000, "net_income": 614641000, "ebit": 882468000, "ebitda": 1358683000, "diluted_shares_outstanding": 99069000, "interest_expense_non_operating": 86261000, "interest_income": 8402000, "interest_expense": 86261000, "net_interest_income": -77859000, "non_interest_income": 8402000, "operating_expense": 1441924000, "non_operating_income_or_loss": -77859000, "minorities": -1433000, "provision": null, "cost_of_revenue": 3056751000, "cash_and_short_term_investments": 171701000, "total_assets": 10146811000, "total_non_current_assets": 8146046000, "total_liabilities": 3531054000, "total_current_liabilities": 1022173000, "total_debt": 2202540000, "stockholders_equity": 6603405000, "total_equity": 6615757000, "inventories": 581329000, "retained_earnings": 2475330000, "prepaid_assets": null, "allowance_for_loans": -24354000, "total_current_asset": 2000765000, "total_non_current_liabilities": 2508881000, "free_cash_flow": 777996000, "net_operating_cash_flow": 1148087000, "net_cash_flow": -35504000, "capital_expenditure": -370091000, "source": 1, "updated_on": "2025-12-06 02:41:33", "stock_id": 36}, {"date": "2025-06-30", "total_revenue": 9097000000, "gross_income": 3200000000, "operating_income": 1915000000, "pretax_income": 1513000000, "income_taxes": 44000000, "net_income": 1469000000, "ebit": 1834000000, "ebitda": 2085000000, "diluted_shares_outstanding": null, "interest_expense_non_operating": 321000000, "interest_income": 25000000, "interest_expense": 321000000, "net_interest_income": -296000000, "non_interest_income": 25000000, "operating_expense": 1285000000, "non_operating_income_or_loss": -296000000, "minorities": null, "provision": null, "cost_of_revenue": 5897000000, "cash_and_short_term_investments": 891000000, "total_assets": 8023000000, "total_non_current_assets": 4370000000, "total_liabilities": 8476000000, "total_current_liabilities": 2648000000, "total_debt": 4995000000, "stockholders_equity": -453000000, "total_equity": -453000000, "inventories": 1440000000, "retained_earnings": -8151000000, "prepaid_assets": null, "allowance_for_loans": -4000000, "total_current_asset": 3653000000, "total_non_current_liabilities": 5828000000, "free_cash_flow": 818000000, "net_operating_cash_flow": 1083000000, "net_cash_flow": -467000000, "capital_expenditure": -265000000, "source": 1, "updated_on": "2025-12-06 02:41:33", "stock_id": 126}, {"date": "2025-09-30", "total_revenue": 4086900000, "gross_income": 1682100000, "operating_income": 524200000, "pretax_income": 526700000, "income_taxes": 49600000, "net_income": 477100000, "ebit": 553800000, "ebitda": 1016800000, "diluted_shares_outstanding": 155100000, "interest_expense_non_operating": 27100000, "interest_income": null, "interest_expense": 27100000, "net_interest_income": -27100000, "non_interest_income": 4114000000, "operating_expense": 1157900000, "non_operating_income_or_loss": -27100000, "minorities": null, "provision": null, "cost_of_revenue": 2404800000, "cash_and_short_term_investments": 1374200000, "total_assets": 7917000000, "total_non_current_assets": 4840000000, "total_liabilities": 2159900000, "total_current_liabilities": 1323200000, "total_debt": 1203100000, "stockholders_equity": 5757100000, "total_equity": 5757100000, "inventories": 754700000, "retained_earnings": 5656900000, "prepaid_assets": 201000000, "allowance_for_loans": -900000, "total_current_asset": 3077000000, "total_non_current_liabilities": 836700000, "free_cash_flow": 1075900000, "net_operating_cash_flow": 1300800000, "net_cash_flow": -207300000, "capital_expenditure": -224900000, "source": 1, "updated_on": "2025-12-06 02:41:33", "stock_id": 64}, {"date": "2025-09-30", "total_revenue": 2246922000, "gross_income": 422610000, "operating_income": -92133000, "pretax_income": -78943000, "income_taxes": -1627000, "net_income": -16937000, "ebit": -92133000, "ebitda": -48004000, "diluted_shares_outstanding": 108670159, "interest_expense_non_operating": null, "interest_income": null, "interest_expense": null, "net_interest_income": null, "non_interest_income": null, "operating_expense": 514743000, "non_operating_income_or_loss": null, "minorities": 74095000, "provision": null, "cost_of_revenue": 1824312000, "cash_and_short_term_investments": 1244993000, "total_assets": 2401197000, "total_non_current_assets": 510869000, "total_liabilities": 1917984000, "total_current_liabilities": 1729423000, "total_debt": null, "stockholders_equity": 221318000, "total_equity": 483213000, "inventories": 164390000, "retained_earnings": -1340862000, "prepaid_assets": null, "allowance_for_loans": null, "total_current_asset": 1890328000, "total_non_current_liabilities": 188561000, "free_cash_flow": 787909000, "net_operating_cash_flow": 866939000, "net_cash_flow": 516865000, "capital_expenditure": -79030000, "source": 1, "updated_on": "2025-12-06 02:41:33", "stock_id": 496}, {"date": "2025-06-30", "total_revenue": 81370000000, "gross_income": 14969000000, "operating_income": 3088000000, "pretax_income": 2415000000, "income_taxes": 587000000, "net_income": 1828000000, "ebit": 3050000000, "ebitda": 4136000000, "diluted_shares_outstanding": 489825648, "interest_expense_non_operating": 635000000, "interest_income": null, "interest_expense": 635000000, "net_interest_income": -635000000, "non_interest_income": 82005000000, "operating_expense": 11881000000, "non_operating_income_or_loss": -635000000, "minorities": null, "provision": null, "cost_of_revenue": 66401000000, "cash_and_short_term_investments": 1071000000, "total_assets": 26774000000, "total_non_current_assets": 14806000000, "total_liabilities": 24917000000, "total_current_liabilities": 9916000000, "total_debt": 14494000000, "stockholders_equity": 1830000000, "total_equity": 1857000000, "inventories": 5053000000, "retained_earnings": 13061000000, "prepaid_assets": null, "allowance_for_loans": -17000000, "total_current_asset": 11968000000, "total_non_current_liabilities": 15001000000, "free_cash_flow": 1604000000, "net_operating_cash_flow": 2510000000, "net_cash_flow": 381000000, "capital_expenditure": -906000000, "source": 1, "updated_on": "2025-12-06 02:41:33", "stock_id": 161}, {"date": "2025-09-30", "total_revenue": 8831000000, "gross_income": 5311000000, "operating_income": 4189000000, "pretax_income": 2629000000, "income_taxes": 555000000, "net_income": 2074000000, "ebit": 4201000000, "ebitda": 4568000000, "diluted_shares_outstanding": 58200000, "interest_expense_non_operating": 1572000000, "interest_income": null, "interest_expense": 1572000000, "net_interest_income": -1583000000, "non_interest_income": 10414000000, "operating_expense": 1122000000, "non_operating_income_or_loss": -1583000000, "minorities": 0, "provision": null, "cost_of_revenue": 3520000000, "cash_and_short_term_investments": 2808000000, "total_assets": 22909000000, "total_non_current_assets": 15897000000, "total_liabilities": 32588000000, "total_current_liabilities": 2182000000, "total_debt": 30030000000, "stockholders_equity": -9686000000, "total_equity": -9679000000, "inventories": 2095000000, "retained_earnings": -10606000000, "prepaid_assets": null, "allowance_for_loans": -25000000, "total_current_asset": 7012000000, "total_non_current_liabilities": 30406000000, "free_cash_flow": 1816000000, "net_operating_cash_flow": 2038000000, "net_cash_flow": -3457000000, "capital_expenditure": -222000000, "source": 1, "updated_on": "2025-12-06 02:41:33", "stock_id": 236}, {"date": "2025-06-30", "total_revenue": 5215304000, "gross_income": 4320453000, "operating_income": -130392000, "pretax_income": -98895000, "income_taxes": 157792000, "net_income": -256687000, "ebit": -68345000, "ebitda": 24030000, "diluted_shares_outstanding": null, "interest_expense_non_operating": 30550000, "interest_income": 112324000, "interest_expense": 30550000, "net_interest_income": 81774000, "non_interest_income": 112324000, "operating_expense": 4450845000, "non_operating_income_or_loss": 81774000, "minorities": null, "provision": null, "cost_of_revenue": 894851000, "cash_and_short_term_investments": 2937142000, "total_assets": 6041970000, "total_non_current_assets": 2150733000, "total_liabilities": 4696316000, "total_current_liabilities": 3180859000, "total_debt": 1239331000, "stockholders_equity": 1345654000, "total_equity": 1345654000, "inventories": null, "retained_earnings": -4241865000, "prepaid_assets": null, "allowance_for_loans": null, "total_current_asset": 3891237000, "total_non_current_liabilities": 1515457000, "free_cash_flow": 1415543000, "net_operating_cash_flow": 1460393000, "net_cash_flow": 335489000, "capital_expenditure": -44850000, "source": 1, "updated_on": "2025-12-06 02:41:33", "stock_id": 247}, {"date": "2025-06-30", "total_revenue": 1219635000, "gross_income": 790272000, "operating_income": 242804000, "pretax_income": 98463000, "income_taxes": 25063000, "net_income": 73400000, "ebit": 106972000, "ebitda": 216875000, "diluted_shares_outstanding": 159717000, "interest_expense_non_operating": 8509000, "interest_income": 3886000, "interest_expense": 8509000, "net_interest_income": -4623000, "non_interest_income": 3886000, "operating_expense": 547468000, "non_operating_income_or_loss": -4623000, "minorities": 0, "provision": null, "cost_of_revenue": 429363000, "cash_and_short_term_investments": 162186000, "total_assets": 2557868000, "total_non_current_assets": 1949568000, "total_liabilities": 639060000, "total_current_liabilities": 175849000, "total_debt": 444058000, "stockholders_equity": 1918808000, "total_equity": 1918808000, "inventories": 189446000, "retained_earnings": 1066049000, "prepaid_assets": null, "allowance_for_loans": -4215000, "total_current_asset": 608300000, "total_non_current_liabilities": 463211000, "free_cash_flow": 256550000, "net_operating_cash_flow": 287556000, "net_cash_flow": -1532000, "capital_expenditure": -31006000, "source": 1, "updated_on": "2025-12-06 02:41:33", "stock_id": 71}, {"date": "2025-09-30", "total_revenue": 17262000000, "gross_income": 6079000000, "operating_income": 3384000000, "pretax_income": 3204000000, "income_taxes": 1361000000, "net_income": 1842000000, "ebit": 3281000000, "ebitda": 4119000000, "diluted_shares_outstanding": 299000000, "interest_expense_non_operating": 77000000, "interest_income": 83000000, "interest_expense": 77000000, "net_interest_income": 6000000, "non_interest_income": 83000000, "operating_expense": 2695000000, "non_operating_income_or_loss": 6000000, "minorities": null, "provision": null, "cost_of_revenue": 11183000000, "cash_and_short_term_investments": 1255000000, "total_assets": 25081000000, "total_non_current_assets": 17115000000, "total_liabilities": 12351000000, "total_current_liabilities": 5120000000, "total_debt": 5820000000, "stockholders_equity": 12585000000, "total_equity": 12730000000, "inventories": 2699000000, "retained_earnings": 13932000000, "prepaid_assets": null, "allowance_for_loans": -44000000, "total_current_asset": 7966000000, "total_non_current_liabilities": 7231000000, "free_cash_flow": 3203000000, "net_operating_cash_flow": 4139000000, "net_cash_flow": -58000000, "capital_expenditure": -936000000, "source": 1, "updated_on": "2025-12-06 02:41:33", "stock_id": 135}, {"date": "2025-06-30", "total_revenue": 7010700000, "gross_income": 5288900000, "operating_income": 1269800000, "pretax_income": 216100000, "income_taxes": 32900000, "net_income": 183200000, "ebit": 301500000, "ebitda": 526400000, "diluted_shares_outstanding": 222500000, "interest_expense_non_operating": 85400000, "interest_income": null, "interest_expense": 85400000, "net_interest_income": -85400000, "non_interest_income": 7096100000, "operating_expense": 4019100000, "non_operating_income_or_loss": -85400000, "minorities": null, "provision": null, "cost_of_revenue": 1721800000, "cash_and_short_term_investments": 1119600000, "total_assets": 6580500000, "total_non_current_assets": 3674900000, "total_liabilities": 5722700000, "total_current_liabilities": 1556900000, "total_debt": 3899200000, "stockholders_equity": 857800000, "total_equity": 857800000, "inventories": 860700000, "retained_earnings": -2556800000, "prepaid_assets": 133800000, "allowance_for_loans": -5700000, "total_current_asset": 2905600000, "total_non_current_liabilities": 4165800000, "free_cash_flow": 1093900000, "net_operating_cash_flow": 1216600000, "net_cash_flow": -5044600000, "capital_expenditure": -122700000, "source": 1, "updated_on": "2025-12-06 02:41:33", "stock_id": 436}, {"date": "2025-09-30", "total_revenue": 54441000000, "gross_income": 3562000000, "operating_income": 1441000000, "pretax_income": 769000000, "income_taxes": 262000000, "net_income": 474000000, "ebit": 1218000000, "ebitda": 2579000000, "diluted_shares_outstanding": null, "interest_expense_non_operating": 449000000, "interest_income": 73000000, "interest_expense": 449000000, "net_interest_income": -376000000, "non_interest_income": 73000000, "operating_expense": 2121000000, "non_operating_income_or_loss": -376000000, "minorities": -33000000, "provision": null, "cost_of_revenue": 50879000000, "cash_and_short_term_investments": 1229000000, "total_assets": 36658000000, "total_non_current_assets": 26742000000, "total_liabilities": 18431000000, "total_current_liabilities": 6389000000, "total_debt": 8830000000, "stockholders_equity": 18085000000, "total_equity": 18227000000, "inventories": 5681000000, "retained_earnings": 18647000000, "prepaid_assets": null, "allowance_for_loans": -49000000, "total_current_asset": 9916000000, "total_non_current_liabilities": 12042000000, "free_cash_flow": 1177000000, "net_operating_cash_flow": 2155000000, "net_cash_flow": -487000000, "capital_expenditure": -978000000, "source": 1, "updated_on": "2025-12-06 02:41:33", "stock_id": 424}, {"date": "2025-03-31", "total_revenue": 5633600000, "gross_income": 3062200000, "operating_income": -739400000, "pretax_income": -4491300000, "income_taxes": -12400000, "net_income": -4478900000, "ebit": -4322000000, "ebitda": -2979800000, "diluted_shares_outstanding": 175100000, "interest_expense_non_operating": 169300000, "interest_income": 98600000, "interest_expense": 169300000, "net_interest_income": -70700000, "non_interest_income": 98600000, "operating_expense": 3801600000, "non_operating_income_or_loss": -70700000, "minorities": null, "provision": null, "cost_of_revenue": 2571400000, "cash_and_short_term_investments": 1465500000, "total_assets": 9180700000, "total_non_current_assets": 6328800000, "total_liabilities": 7043000000, "total_current_liabilities": 3615800000, "total_debt": 4105900000, "stockholders_equity": 2137700000, "total_equity": 2137700000, "inventories": null, "retained_earnings": -7058800000, "prepaid_assets": null, "allowance_for_loans": -1600000, "total_current_asset": 2815900000, "total_non_current_liabilities": 3427200000, "free_cash_flow": -214600000, "net_operating_cash_flow": -45200000, "net_cash_flow": 453800000, "capital_expenditure": -169400000, "source": 1, "updated_on": "2025-12-06 02:41:33", "stock_id": 145}, {"date": "2025-09-30", "total_revenue": 40000000000, "gross_income": 32145000000, "operating_income": 26556000000, "pretax_income": 24194000000, "income_taxes": 4136000000, "net_income": 20058000000, "ebit": 24783000000, "ebitda": 26003000000, "diluted_shares_outstanding": 2194000000, "interest_expense_non_operating": 589000000, "interest_income": null, "interest_expense": 589000000, "net_interest_income": -589000000, "non_interest_income": 40589000000, "operating_expense": 5589000000, "non_operating_income_or_loss": -589000000, "minorities": null, "provision": null, "cost_of_revenue": 7855000000, "cash_and_short_term_investments": 18997000000, "total_assets": 99627000000, "total_non_current_assets": 61861000000, "total_liabilities": 61718000000, "total_current_liabilities": 35048000000, "total_debt": 25171000000, "stockholders_equity": 37909000000, "total_equity": 37909000000, "inventories": null, "retained_earnings": 15106000000, "prepaid_assets": null, "allowance_for_loans": null, "total_current_asset": 37766000000, "total_non_current_liabilities": 26670000000, "free_cash_flow": 21577000000, "net_operating_cash_flow": 23059000000, "net_cash_flow": 4804000000, "capital_expenditure": -1482000000, "source": 1, "updated_on": "2025-12-06 02:41:33", "stock_id": 6}, {"date": "2025-03-31", "total_revenue": 9504691000, "gross_income": 5083865000, "operating_income": 393015000, "pretax_income": 145161000, "income_taxes": 75837000, "net_income": -189716000, "ebit": 319297000, "ebitda": 578913000, "diluted_shares_outstanding": 392571000, "interest_expense_non_operating": 174136000, "interest_income": 24893000, "interest_expense": 174136000, "net_interest_income": -149243000, "non_interest_income": 24893000, "operating_expense": 4690850000, "non_operating_income_or_loss": -149243000, "minorities": null, "provision": null, "cost_of_revenue": 4420826000, "cash_and_short_term_investments": 429382000, "total_assets": 9377536000, "total_non_current_assets": 5591438000, "total_liabilities": 7890177000, "total_current_liabilities": 2697853000, "total_debt": 5366068000, "stockholders_equity": 1487359000, "total_equity": 1487359000, "inventories": 1627025000, "retained_earnings": -1173011000, "prepaid_assets": null, "allowance_for_loans": -31853000, "total_current_asset": 3786098000, "total_non_current_liabilities": 5192324000, "free_cash_flow": 339213000, "net_operating_cash_flow": 465236000, "net_cash_flow": -252700000, "capital_expenditure": -126023000, "source": 1, "updated_on": "2025-12-06 02:41:33", "stock_id": 351}, {"date": "2025-06-30", "total_revenue": 9520000000, "gross_income": 3692000000, "operating_income": 2130000000, "pretax_income": 1130000000, "income_taxes": -513000000, "net_income": 1861000000, "ebit": 1487000000, "ebitda": 1938000000, "diluted_shares_outstanding": 359000000, "interest_expense_non_operating": 357000000, "interest_income": 45000000, "interest_expense": 357000000, "net_interest_income": -312000000, "non_interest_income": 45000000, "operating_expense": 1562000000, "non_operating_income_or_loss": -312000000, "minorities": -28000000, "provision": null, "cost_of_revenue": 5828000000, "cash_and_short_term_investments": 2114000000, "total_assets": 14002000000, "total_non_current_assets": 8146000000, "total_liabilities": 8462000000, "total_current_liabilities": 5418000000, "total_debt": 4711000000, "stockholders_equity": 5540000000, "total_equity": 5540000000, "inventories": 1291000000, "retained_earnings": 762000000, "prepaid_assets": null, "allowance_for_loans": null, "total_current_asset": 5856000000, "total_non_current_liabilities": 3044000000, "free_cash_flow": 1279000000, "net_operating_cash_flow": 1691000000, "net_cash_flow": 229000000, "capital_expenditure": -412000000, "source": 1, "updated_on": "2025-12-06 02:41:33", "stock_id": 174}, {"date": "2025-09-30", "total_revenue": 6707000000, "gross_income": 3075000000, "operating_income": 928000000, "pretax_income": 490000000, "income_taxes": 120000000, "net_income": 365000000, "ebit": 652000000, "ebitda": 1028000000, "diluted_shares_outstanding": 528985507, "interest_expense_non_operating": 162000000, "interest_income": null, "interest_expense": 162000000, "net_interest_income": -162000000, "non_interest_income": 6869000000, "operating_expense": 2147000000, "non_operating_income_or_loss": -162000000, "minorities": -5000000, "provision": null, "cost_of_revenue": 3632000000, "cash_and_short_term_investments": 532000000, "total_assets": 9829000000, "total_non_current_assets": 7059000000, "total_liabilities": 9072000000, "total_current_liabilities": 4201000000, "total_debt": 4608000000, "stockholders_equity": 647000000, "total_equity": 757000000, "inventories": 62000000, "retained_earnings": -1331000000, "prepaid_assets": 581000000, "allowance_for_loans": -27000000, "total_current_asset": 2770000000, "total_non_current_liabilities": 4871000000, "free_cash_flow": 344000000, "net_operating_cash_flow": 678000000, "net_cash_flow": -159000000, "capital_expenditure": -334000000, "source": 1, "updated_on": "2025-12-06 02:41:33", "stock_id": 421}, {"date": "2025-07-31", "total_revenue": 2673115000, "gross_income": 2054937000, "operating_income": -127144000, "pretax_income": -18291000, "income_taxes": 23187000, "net_income": -41478000, "ebit": -13062000, "ebitda": 108119000, "diluted_shares_outstanding": 154404000, "interest_expense_non_operating": 5229000, "interest_income": 125364000, "interest_expense": 5229000, "net_interest_income": 115842000, "non_interest_income": 125364000, "operating_expense": 2182081000, "non_operating_income_or_loss": 115842000, "minorities": null, "provision": null, "cost_of_revenue": 618178000, "cash_and_short_term_investments": 3572409000, "total_assets": 6419888000, "total_non_current_assets": 1525598000, "total_liabilities": 4620615000, "total_current_liabilities": 2429611000, "total_debt": 1796576000, "stockholders_equity": 1799273000, "total_equity": 1799273000, "inventories": null, "retained_earnings": -1189558000, "prepaid_assets": null, "allowance_for_loans": null, "total_current_asset": 4894290000, "total_non_current_liabilities": 2191004000, "free_cash_flow": 726693000, "net_operating_cash_flow": 972453000, "net_cash_flow": 965943000, "capital_expenditure": -245760000, "source": 1, "updated_on": "2025-12-06 02:41:33", "stock_id": 343}]}, "daily_data": null, "dividend": null}